2438 3981
248 196 52 32 On
313 196 84 31 âvoit
409 195 157 41 répanâu,
651 194 200 35 avaM-hler,
874 191 76 32 dans
963 191 26 31 la
1007 191 96 40 sqirçg
1116 214 7 13 ,
1147 190 27 30 la
1202 190 1 46 ]

150 236 226 44 proclamation
383 236 136 31 suivante
529 235 37 31 de
576 235 31 31 S.
620 237 37 28 A.
669 235 24 28 !e
705 235 104 40 prince
829 235 37 28 de
875 233 278 41 Schwarlzenberg
1167 243 6 17 :

279 299 150 31 Habitans
445 298 37 30 de
497 298 84 30 Paris
594 320 8 14 ,

155 379 15 12 v
200 352 57 30 Les
283 353 116 28 armées
420 351 103 30 alliées
537 360 32 19 se
589 356 150 24 trouvent'
754 347 111 31 devant
891 346 105 32 Paris;
1022 346 27 28 le
1065 346 57 28 but
1140 344 37 31 de

151 392 71 31 leur
240 393 123 30 marche
380 403 67 19 vers
465 392 25 28 la
504 390 129 41 capitale
647 391 37 28 de
698 390 28 30 la
744 389 117 32 Fiance
874 396 40 22 est
932 385 92 34 fondé
1033 398 52 20 sur
1102 386 60 30 l'es-

150 433 74 43 poir
240 433 91 30 d'une
341 431 229 32 réconciliation
591 430 163 32 sincèré'et
769 429 128 31 durable
909 439 72 19 avec
998 428 67 30 elle.
1106 428 70 30 De-

154 485 15 66 I
169 476 56 27 >uis
234 475 87 40 vingt
339 485 69 26 ans,
431 472 152 40 l'Europe
598 480 45 22 est
658 471 130 31 inondée
803 470 38 30 de
860 482 72 27 sang
947 477 28 22 et
992 470 37 28 de
1048 469 107 30 larmes
1168 481 6 22 ;

169 526 28 19 es
219 516 155 30 tentatives
398 515 84 28 faites
503 524 79 27 pour
599 521 109 21 mettre
724 524 39 18 un
783 521 94 21 terme
894 514 14 27 à
930 519 71 22 tous-
1025 510 40 30 les
1089 509 64 30 mal-

154 555 94 31 heurs
274 562 56 25 ont
352 557 45 28 été
422 555 143 35 inutiles,
596 565 89 33 parce
699 553 74 41 qu'il
789 554 94 28 ex'iste
901 549 74 33 dais
998 550 25 31 le
1044 553 135 40 pouvoir

155 599 100 28 même
278 598 40 28 du
346 601 242 35 gouvernement
613 596 51 39 qui
690 606 73 18 vous
789 594 164 40 opprime,
974 604 40 18 un
1044 592 132 31 obstacle

155 638 243 34 insurmontable
417 637 57 30 àla
489 637 76 41 paix.
594 635 81 39 Quel
691 634 142 41 Français
849 645 35 19 ne
900 638 67 28 si-do
972 634 19 30 il
1009 634 168 31 convaincu

150 679 41 30 -de
208 685 74 24 cette
298 679 106 28 vérité'!
431 678 56 28 Les
503 679 175 27 souverains
690 676 83 31 alliés
787 674 165 31 cherchent
966 674 35 32 de
1017 676 102 30 bonne
1134 673 44 31 foi

154 731 63 18 une
241 722 126 27 autorité
402 720 145 28 êalutaire
570 729 37 18 en
643 717 136 34 Fiance,
810 718 51 39 qui
901 717 102 40 puisse
1032 718 146 27 cimenter

155 758 119 32 l'union
298 759 38 31 de
358 767 99 24 toutes
483 759 41 31 les
542 758 119 30 nations
679 765 27 22 et
728 757 37 31 de
785 764 65 22 tous
875 757 40 30 les
934 768 61 30 gou
1006 767 172 20 .ernemens

156 811 71 20 avec
237 800 69 31 elle.
1050 828 9 9 v

200 853 83 33 C'est
298 855 15 27 à
332 853 27 30 la
386 852 71 31 ville
483 852 38 30 de
547 852 83 31 Paris
648 850 73 41 qu'il
744 852 190 39 appartient,
965 852 72 30 dans
1056 850 40 31 les
1111 853 50 28 cir-

154 902 178 22 «onstaoces
344 894 161 35 actuelles,
522 893 181 40 d'accélérer
717 894 30 28 la
758 895 76 38 paix
848 893 44 28 du,
905 906 27 15 m
937 894 74 27 imite
1019 906 8 21 ;
1039 904 57 19 sou
1109 904 70 18 vœu

156 944 45 22 est
216 934 125 33 attendu
364 946 73 20 avec
457 933 130 32 l'intérêt
607 945 59 30 que
685 933 63 32 doit
770 934 130 40 inspirer
919 945 40 19 un
966 933 4 41 1
979 934 24 28 si
1031 935 148 27 immense

154 978 129 30 résultat
300 987 8 18 ;
331 976 113 43 qu'elle
467 986 31 19 se
528 985 181 32 prononce,
742 983 28 22 et
789 974 51 31 des
854 984 33 20 ce
904 981 136 24 moment
1057 974 122 30 l'armée

149 1018 60 40 vqui
229 1024 45 24 est
288 1017 110 32 devant
415 1028 47 19 ses
480 1028 85 19 murs
581 1017 118 30 devient
718 1016 26 28 le
758 1017 120 30 soutien
895 1017 37 28 de
952 1026 45 19 ses
1018 1015 159 31 décisions.

197 1067 171 40 Parisiens,
392 1077 77 19 vous
489 1067 178 30 connoissez
694 1067 25 30 la
744 1067 141 30 situation
904 1065 35 31 de
957 1074 84 22 votre
1061 1065 116 41 patrie,

151 1108 32 31 la
207 1108 144 32 conduite
373 1109 38 28 de
437 1107 163 32 Bordeaux
618 1130 8 14 ,
647 1108 206 40 l'occupation
872 1106 125 32 amicale
1011 1107 37 28 de
1069 1107 87 40 Lyon
1168 1129 8 15 ,

154 1149 44 31 les
211 1161 90 19 maux
308 1149 107 35 -attirés
432 1160 51 19 sur
500 1149 26 33 la
542 1148 137 40 France,
705 1156 27 22 et
751 1149 43 30 les
806 1149 194 40 dispositions
1017 1147 162 31 véritables

150 1189 45 31 de
210 1201 52 19 vos
278 1192 206 40 concitoyens.

195 1245 92 31 Vous
304 1253 159 21 trouverez
481 1244 73 30 dans
572 1253 46 20 ces
633 1243 154 41 exemples
802 1243 27 30 le
846 1251 96 22 terme
959 1243 37 30 de
1018 1243 28 30 la
1072 1252 106 32 guerre

151 1285 176 43 étrangère,
348 1292 31 22 et
399 1285 80 30 celui
500 1285 37 31 de
561 1284 25 30 la
609 1285 138 31 discorde
771 1285 85 30 civile
868 1297 6 24 ;
906 1296 76 19 vous
1005 1294 37 19 ne
1063 1284 117 30 sauriez

152 1328 71 41 plus
239 1328 28 30 le
281 1325 150 33 chercher
445 1325 130 32 ailleurs.
600 1325 43 31 La
664 1326 210 31 conservation
893 1333 30 22 et
944 1325 26 30 la
992 1325 189 39 tranquillité

152 1369 39 30 de
209 1377 84 22 votre
309 1369 67 30 ville
392 1376 104 22 seront
515 1365 106 41 l'objet
637 1368 51 28 «les
703 1368 83 28 soins
804 1376 25 20 et
847 1367 51 30 des
913 1377 133 19 mesures
1063 1376 59 30 que
1139 1364 41 30 les

150 1409 241 32 alliés's'offrent
407 1409 39 30 de
461 1409 132 40 prendre
613 1420 72 19 avec
709 1408 41 30 les
771 1409 144 30 autorités
932 1416 31 21 et
983 1408 39 28 les
1038 1407 143 30 notables

155 1453 52 39 qui
226 1452 146 43 jouissent
391 1450 27 30 le
433 1449 70 43 plus
521 1450 37 31 de
574 1449 126 31 l'estime
719 1449 157 40 publique.

194 1507 115 28 Aucun
324 1504 157 43 logement
495 1501 143 32 militaire
651 1514 38 19 ne
703 1505 103 39 pèsera
822 1514 52 19 sur
887 1501 27 32 la
931 1501 137 43 capitale.

197 1559 86 32 C'est
301 1558 73 32 dans
398 1567 48 20 ces
467 1558 165 30 sentimens
654 1566 60 30 que
733 1556 21 30 f
757 1557 117 35 Europe
899 1569 37 18 m
956 1566 94 19 armes
1070 1556 111 31 devant

145 1612 64 19 -vos
228 1611 85 25 murs
333 1598 143 32 s'adresse
500 1602 17 27 à
537 1609 87 21 vous.
656 1599 197 30 Hàtez-vous
881 1598 38 31 de
941 1597 152 41 répondre
1115 1599 14 27 à
1154 1597 26 31 la

150 1642 163 31 confiance
328 1639 112 43 qu'elle
468 1648 66 24 met
553 1641 73 30 dans
639 1646 216 24 votre-amour
881 1651 80 30 pour
984 1639 27 31 la
1032 1639 96 41 patrie
1152 1645 30 24 et

151 1683 79 32 dans
248 1690 85 24 votre
345 1691 125 32 sagesse.

360 1735 46 31 Le
419 1733 220 33 commandant
653 1744 38 19 en
709 1733 69 31 chef
796 1734 51 30 des
861 1735 116 28 armées
992 1733 112 39 alliées,

609 1788 111 32 Prince
744 1788 38 31 de
796 1788 333 32 ScHwARTZENBERG.

174 1856 5 43 -
253 1858 78 31 Hier
346 1869 40 19 on
402 1857 84 31 lisoit
501 1867 51 19 sur
568 1864 67 24 tons
652 1857 44 30 les
709 1867 85 19 murs
810 1856 38 31 de
863 1856 85 30 Paris
961 1856 26 31 la
1000 1867 60 31 pro

156 1900 67 31 lion
239 1899 138 32 suivante
391 1911 7 18 :

705 1946 90 34 Paris,
809 1946 22 26 le
843 1948 31 25 3i
891 1957 71 17 mars
976 1945 71 35 iBi4-

325 1995 149 41 Citoyens
487 1994 37 31 de
531 1994 103 35 Paris,!

197 2050 60 31 Les
280 2050 181 31 événemens
483 2048 37 30 de
546 2047 28 32 la
594 2057 113 31 guerre
730 2054 57 22 ont
801 2048 107 28 amené
921 2047 17 28 à
951 2055 54 20 vos
1018 2052 103 35 portes
1141 2044 43 32 les

156 2094 118 32 armées
287 2092 53 30 des
354 2091 176 43 puissances
546 2088 143 32 coalisées
689 2088 5 45 -
694 2088 5 45 .
985 2088 5 45 ,

202 2147 81 30 Leur
296 2144 132 32 nombre
437 2152 31 20 et
480 2143 69 31 leur
555 2143 98 30 forces
669 2140 89 32 n'ont
771 2140 178 43 pas.permis
963 2141 15 28 à
987 2152 57 19 nos
1058 2147 126 35 troupes

156 2187 41 31 de
213 2186 161 32 continuer
389 2185 28 31 la
439 2184 122 32 défense
579 2183 37 30 de
630 2183 28 33 la
679 2183 137 41 capitale.

202 2238 44 31 Le
262 2235 156 32 maréchal
437 2235 53 40 qui
511 2233 27 31 la
560 2232 216 32 eommandoit
796 2244 15 19 a
830 2231 41 32 dû
889 2231 76 33 faire
979 2243 63 19 une
1059 2231 107 41 capitu-

157 2277 98 32 lation
272 2290 7 19 :
294 2277 26 31 il
331 2277 37 31 l'a
385 2277 73 30 faite
471 2276 61 31 fort
546 2275 181 31 honorable.

202 2328 72 31 Une
298 2327 70 41 plus
384 2324 115 44 longue
522 2326 162 32 résistance
698 2327 52 28 eût
767 2322 190 43 compromis
977 2322 28 30 la
1019 2322 100 31 sûreté
1134 2322 52 30 des

158 2376 169 35 personnes
344 2375 28 24 et
396 2368 53 30 des
463 2368 180 41 propriétés.

202 2419 71 32 Elle
299 2426 44 22 est
366 2418 202 41 aujourd'hui
589 2418 135 39 garantie
750 2427 56 30 par
830 2421 77 24 cette
930 2413 200 40 capitulation
1156 2420 30 22 et

159 2472 59 31 par
241 2459 30 35 la
286 2470 156 31 promesse
462 2459 37 30 de
519 2459 32 32 S.
576 2458 45 31 M.
646 2458 197 45 l'Empereur
870 2454 175 31 Alexandre
1061 2478 8 13 ,
1093 2454 50 40 qui
1170 2466 15 18 a

157 2502 107 31 donné
279 2511 34 20 ce
326 2502 97 30 matin
449 2512 38 19 au
503 2511 90 30 corps
608 2498 170 41 municipal
797 2499 41 28 les
856 2505 176 21 assurances
1051 2494 41 31 les
1116 2494 71 43 plus

161 2543 145 40 positives
328 2542 39 30 de
379 2554 32 18 sa
436 2543 175 40 protection
635 2549 31 22 et
681 2539 37 31 de
749 2550 31 20 sa
796 2537 221 33 bienveillance
1041 2548 81 30 pour
1142 2536 45 31 les

158 2584 143 32 habitans
319 2583 38 31 de
379 2590 78 24 cette
470 2582 138 43 capitale.

328 2633 94 39 garde
446 2631 154 31 nationale
618 2631 145 31 demeure
777 2629 126 40 chargée
921 2628 38 31 de
971 2629 145 40 protéger
1133 2639 54 19 vos

162 2686 168 32 personnes
354 2682 31 24 et
398 2685 54 19 vos
469 2674 181 41 propriétés.

203 2717 111 30 Restez
331 2714 83 32 donc
438 2714 112 31 calmes
569 2720 31 24 èt
615 2712 177 41 tranquilles
810 2712 74 30 dans
901 2720 33 20 ce
951 2709 96 43 grand
1074 2711 96 30 événe-

159 2765 103 28 ment,
285 2765 32 21 et
339 2764 142 22 montrez
495 2756 74 31 dans
578 2763 77 24 cette
667 2753 141 32 occasion
817 2753 25 30 le
861 2753 61 30 bon
934 2752 96 40 esprit
1045 2752 52 40 qui
1109 2761 78 19 vous

159 2811 21 18 a
203 2799 143 40 toujours
366 2797 138 41 signalés.

326 2841 91 39 Signé
431 2838 27 30 le
471 2838 96 31 baron
587 2838 170 34 PASQUIER
775 2859 8 13 ,
803 2836 99 40 préfet
925 2835 35 30 de
980 2832 123 41 police,

183 2880 45 31 Et
240 2880 30 31 le
281 2880 99 31 baron
399 2878 182 39 CHABROL,
599 2880 99 40 préfet
713 2877 40 30 du
770 2877 211 40 département
992 2875 38 30 de
1045 2876 27 27 la
1088 2874 99 32 Seine.

259 2946 66 31 Peu
341 2946 38 31 de
396 2952 102 35 temps
513 2946 89 41 après
615 2944 206 40 l'occupation
836 2942 37 31 de
887 2942 27 31 la
931 2941 129 41 capitale
1076 2952 54 30 par
1147 2940 40 28 les

161 2993 126 35 troupes
313 2987 120 34 alliées,
450 2986 72 31 eiles
539 2996 30 20 se
589 2993 65 21 sont
673 2985 170 41 répandues
857 2982 73 31 dans
951 2982 41 31 les
1007 2981 181 40 principaux

163 3028 149 38 quartiers
325 3039 83 31 pour
422 3037 39 20 en
472 3027 103 30 visiter
586 3021 40 34 les
637 3034 188 20 monomens
835 3031 28 22 et
879 3024 41 30 les
933 3022 111 41 grands
1057 3020 130 32 édifices.

163 3069 83 31 Vers
261 3070 72 39 cinq
347 3070 130 35 heures,
493 3067 44 32 les
549 3079 90 19 cours
658 3066 40 31 du
717 3065 222 32 Palais-Roval
957 3063 231 30 re*sembioient

163 3111 18 27 à
203 3122 43 19 un
274 3110 132 31 bivouac
428 3109 38 30 de
503 3109 163 31 cavalerie;
693 3105 71 32 elles
791 3107 115 30 étoient
939 3105 144 39 remplies
1114 3104 73 30 d'un

144 3144 5 41 '
162 3151 131 31 nombre
308 3150 213 32 considérable
535 3150 37 30 de
588 3151 135 32 chevaux
736 3151 207 34 appartenant
957 3151 14 26 à
987 3145 53 31 des
1056 3144 132 32 officiers

162 3193 176 41 supérieurs
353 3200 30 22 et
399 3191 38 31 de
451 3198 71 24 tous
542 3191 104 40 grades
666 3190 51 38 qui
731 3190 112 30 étoient
861 3198 94 19 venus
972 3187 133 40 prendre
1123 3185 65 30 leur

161 3243 92 32 repas
269 3234 77 28 chez
367 3233 44 30 les
437 3240 229 22 restaurateurs.
691 3229 57 31 Les
770 3230 78 30 cafés
875 3229 38 30 «le
940 3228 26 30 la
979 3227 70 30 ville
1072 3228 117 28 étoient

162 3274 175 41 également
363 3274 126 41 remplis
517 3274 38 27 de
581 3280 124 34 troup«ts
731 3269 123 34 alliées-
874 3269 168 40 Beau«;oup
1070 3268 118 30 d'entre

159 3317 78 30 «lies
253 3327 30 18 se
299 3322 70 24 sont
390 3317 172 39 présentées
585 3314 74 30 dans
687 3309 41 37 les
749 3312 151 41 magasins
914 3319 30 21 et
961 3313 40 26 les
1028 3309 162 40 boutiques

163 3369 84 31 pour
260 3369 18 31 y
292 3358 74 31 faire
383 3358 53 28 des
449 3354 158 44 emplettes
622 3353 126 43 qu'elles
764 3360 52 22 ont
835 3356 111 39 payées
963 3361 208 31 avec-empres-

163 3405 128 26 sement.

261 3451 87 32 Dans
366 3451 27 31 la
424 3451 110 38 soirée,
555 3461 63 19 une
646 3449 79 30 foule
751 3451 149 26 immense
920 3448 39 30 de
1152 3445 38 31 de

165 3500 70 25 tous
252 3494 43 30 les
308 3503 90 32 rangs
416 3498 28 24 et
459 3494 38 28 de
508 3500 69 24 tous
588 3502 80 20 sexes
685 3490 67 30 s'est
770 3488 156 41 répandue
943 3490 76 28 dans
1033 3495 102 22 toutes
1148 3488 41 30 les

165 3546 91 22 rues,
274 3546 52 19 sur
348 3541 102 22 toutes
472 3533 43 31 les
531 3531 99 41 places
645 3540 31 22 et
689 3539 99 24 toutes
804 3530 43 30 les
870 3529 226 41 promenades,
1122 3530 69 28 s'eit

163 3578 99 30 mêlée
281 3587 39 19 au
337 3575 106 30 milieu
459 3575 52 30 des
534 3574 130 30 officiers
689 3580 27 21 et
743 3572 52 30 des
807 3570 113 31 soldats
946 3581 115 26 russes,
1090 3572 83 28 autri-

163 3619 106 30 chiens
286 3639 8 14 ,
313 3617 155 43 prussiens
480 3638 8 13 ,
514 3614 139 32 bavarois
669 3637 7 11 ,
704 3612 257 41 xvurtembrgeois
978 3634 7 12 ,
1005 3619 77 27 etc.,
1113 3620 79 32 pour

163 3671 63 20 «011
229 3669 97 20 verser
352 3657 236 32 familièrement
601 3666 72 19 avec
692 3666 67 19 eux.
776 3656 64 30 Des
862 3653 58 31 cris
943 3653 38 30 de
997 3656 61 27 vive
1075 3653 28 30 le
1123 3653 66 28 roi!

167 3705 65 26 vive
259 3700 90 30 Louis
374 3698 128 34 XPllI!
522 3707 34 20 se
578 3705 71 22 sont
674 3697 54 30 fait
745 3693 155 40 ,entendre
931 3694 74 31 dans
1029 3693 159 40 beaucoup

1246 190 91 32 d'end
1357 193 56 28 oits
1426 203 7 22 ;
1467 190 130 31 nombre
1625 190 38 30 de
1693 198 165 32 personnes
1890 195 54 22 ont
1975 189 61 40 pris
2072 188 28 30 la
2133 185 126 32 cocarde

1247 231 145 37 blanche,
1410 241 26 21 et
1448 243 30 18 se
1488 240 67 22 sont
1565 233 183 38 promenées
1761 229 158 40 précédées
1932 228 37 31 de
1980 228 152 41 drapeaux
2146 228 116 30 blancs.

1252 273 66 30 Une
1333 273 150 30 afriuenre
1495 270 209 33 considérable
1721 270 37 31 de
1778 270 148 31 Parisiens
1938 270 104 28 réunie
2055 276 111 22 autour
2181 269 37 30 de
2235 268 27 28 la

1246 314 132 30 colonne
1396 314 38 28 de
1450 313 26 30 la
1494 313 86 41 place
1597 313 181 37 Vendôme',
1798 311 144 41 s'occupe
1963 309 70 31 d'en
2054 320 155 20 renverser
2235 308 28 30 la

1246 361 94 25 statue
1358 354 174 39 Napoléon.

1337 394 157 31 L'officier
1508 394 137 41 prussien
1662 393 119 41 envoyé
1796 393 15 28 à
1833 391 293 31 l'llôtel-de-Ville
2141 399 122 20 comme

1247 437 250 40 parlementairei
1518 437 67 28 s'est
1605 435 76 30 servi
1697 433 38 31 de
1749 444 32 20 ce
1795 439 65 24 mot
1874 432 210 41 remarquable
2100 445 7 15 :
2121 446 13 13 «
2151 431 112 38 Enfin,

1246 478 174 35 messieurs,
1436 489 57 18 nos
1507 478 65 27 mal
1572 476 83 28 fleuri
1670 484 67 20 sont
1755 474 77 31 finis.
1851 489 14 12 «

1343 520 52 30 On
1409 530 77 19 nous
1500 527 145 25 annonce,
1656 527 57 30 que
1729 516 45 28 M.
1783 515 38 30 de
1838 515 236 41 Montmorency
2086 521 44 22 est
2140 514 123 30 nommé

1246 560 220 32 commandant
1480 559 37 30 de
1532 559 27 30 la
1576 556 92 44 garde
1683 556 163 32 nationale.

1635 611 246 27 DÉCLARATION.

1290 663 58 31 Les
1363 664 115 30 armées
1493 663 51 30 des
1569 661 171 41 pui*sanres
1756 660 100 30 alliées
1877 667 53 22 ont
1952 660 116 39 occupé
2089 658 27 30 la
2140 656 126 44 capitale

1248 704 37 30 de
1306 705 27 28 la
1357 704 129 30 France.
1507 704 54 28 Les
1572 703 176 30 -souverains
1765 702 83 31 alliés
1861 700 177 31 accueillent
2055 699 26 31 le
2099 711 70 19 vœu
2185 699 37 30 de
2241 698 27 30 la

1248 745 103 30 nation
1370 745 155 39 française.

1293 787 38 28 Ils
1348 784 151 32 déclarent
1517 784 5 32 :

1292 827 69 40 Que
1385 828 22 28 si
1433 827 41 30 les
1491 827 172 30 conditions
1680 826 38 31 de
1743 824 25 31 la
1786 826 73 40 paix
1881 823 145 32 devoient
2044 823 168 31 renfermer
2229 822 38 30 de

1250 868 69 40 plus
1332 869 90 28 fortes
1439 869 167 37 garanties,
1637 867 137 41 lorsqu'il
1795 865 149 43 s'agissoit
1961 863 197 32 d'enchaîner
2180 863 72 30 l'am-

1252 909 93 30 bition
1363 908 37 30 de
1417 908 189 40 Bonaparte,
1633 907 73 31 elles
1735 908 125 30 doivent
1886 908 63 27 être
1976 906 71 40 plus
2074 902 170 32 favorables
2258 926 9 14 ,

1248 948 142 41 lorsque,
1422 960 54 30 par
1499 960 40 19 un
1566 956 105 24 retour
1696 960 64 19 vers
1788 960 39 18 un
1856 952 243 34 gouvernement
2126 957 86 31 sage,
2243 939 27 34 la

1250 990 116 31 France
1383 990 177 30 ei'é-inème
1579 990 103 31 offrira
1690 987 188 32 d'assurance
1892 987 38 30 de
1944 998 34 18 ce
1994 998 99 30 repos.

1292 1031 57 30 Les
1367 1032 177 28 souverains
1559 1032 185 39 proclament
1761 1041 38 19 en
1819 1031 207 37 conséquence
2042 1039 7 19 :

1292 1072 100 39 Qu'ils
1419 1083 37 19 ne
1480 1071 156 30 traiteront
1661 1071 69 41 plus
1756 1082 72 19 avec
1857 1069 163 41 Napoléon
2043 1070 170 40 Bonaparte
2241 1067 31 31 ni

1250 1123 72 20 avec
1337 1124 99 19 aucun
1453 1113 37 30 de
1505 1123 28 19 sa
1552 1113 130 35 famille;

1292 1154 103 40 Qu'ils
1419 1161 170 34 respectent
1605 1153 163 41 l'intégrité
1793 1152 35 31 de
1854 1149 168 32 l'ancienne
2042 1149 141 38 France,
2203 1149 70 30 telle

1251 1195 111 40 qu'elle
1382 1207 14 18 a
1419 1195 90 32 existé
1533 1206 71 19 sous
1618 1206 45 21 ses
1684 1195 61 30 rois
1768 1193 149 41 légitimes
1932 1204 6 24 ;
1964 1192 37 30 ils
2016 1198 136 35 peuvent
2171 1194 104 30 rnême

1250 1238 74 30 faire
1354 1235 91 43 plus,
1482 1246 89 32 parce
1598 1235 91 40 qu'ils
1717 1234 168 40 professent
1910 1235 138 37 toujours
2079 1233 26 30 le
2133 1233 138 40 principe

1251 1290 59 30 que
1362 1289 80 31 pour
1460 1277 26 30 le
1512 1277 142 31 bonheur
1668 1278 37 28 de
1719 1276 151 40 l'Europe
1886 1274 46 38 ,il
1950 1274 64 31 faut
2029 1273 103 41 que-la
2153 1272 118 31 France

1250 1320 59 28 soit
1326 1319 113 40 grande
1455 1325 26 22 et
1501 1318 89 30 forte.

1292 1359 100 40 Qu'ils
1419 1362 230 27 reconnoitront
1672 1365 31 22 et
1727 1357 187 41 garantiront
1937 1356 28 31 la
1989 1356 198 31 constitution
2212 1365 59 28 que

1251 1400 26 31 la
1292 1402 104 28 nation
1415 1401 143 40 française
1573 1411 32 21 se
1620 1402 144 28 donnera.
1781 1397 38 30 Us
1835 1397 128 30 invitent
1978 1409 56 30 par
2046 1398 187 38 conséquent
2245 1396 26 27 la

1250 1443 85 28 sénat
1348 1443 14 27 à
1377 1440 389 47 désigner-sur-le-champ
1781 1449 41 20 un
1850 1444 241 32 gouvernement
2107 1436 165 41 provisoire

1252 1483 50 40 qui
1318 1483 102 41 puisse
1435 1482 145 40 pourvoir
1596 1494 54 19 aux
1668 1481 122 31 besoins
1806 1479 37 30 de
1859 1475 285 39 l'administration,
2159 1486 32 22 et
2205 1479 52 40 pré-

1250 1534 90 31 parer
1357 1524 26 30 la
1398 1524 200 35 constitutioçi
1612 1522 51 41 qui
1678 1521 185 32 conviendra
1881 1532 37 18 au
1936 1520 112 41 peuple
2063 1520 138 40 français.

1293 1565 58 30 Les
1374 1565 165 30 intentions
1564 1576 58 28 que
1648 1567 26 38 je
1697 1565 84 28 viens
1807 1560 185 43 d'exprimer
2016 1572 50 20 me
2092 1567 70 24 sont
2184 1569 67 21 com-

1250 1617 109 20 munes
1374 1617 72 19 avec
1460 1612 100 24 toutes
1577 1606 41 30 les
1637 1606 174 40 puissances
1826 1604 113 32 alliées.

1783 1659 92 40 Signé
1894 1658 230 30 ÂLEXANDÎIE.

1540 1713 63 31 Par
1616 1713 31 31 S.
1662 1710 47 33 M.
1727 1713 24 31 I.
1765 1713 27 31 le
1806 1711 157 32 secrétaire
1981 1711 126 38 d'Etat,

1795 1766 112 32 Comte
1924 1774 45 21 DE
1983 1766 234 30 NESSEI.ROD«,

1292 1824 85 31 Paris
1390 1846 9 15 ,
1422 1824 35 31 3t
1476 1833 80 20 mars
1577 1821 99 39 1814,
1694 1821 74 30 trois
1783 1821 109 28 heures
1910 1818 201 43 après-midi.

1473 1939 30 28 A
1527 1938 44 31 M.
1593 1937 27 30 Ce
1637 1937 113 38 Caron,
1765 1937 94 40 préfet
1869 1935 38 30 de
1917 1935 109 41 police.

1292 2006 61 31 Par
1367 2004 92 31 ordre
1476 2004 37 31 de
1531 2003 31 32 S.
1580 2003 46 31 M.
1639 2003 214 43 l'Empereur,
1871 2013 76 18 mon
1963 2000 107 30 maître
2083 2022 7 14 ,
2109 2000 50 40 j'ai
2167 1998 91 31 l'hon-

1251 2059 77 19 neur
1346 2047 38 31 de
1396 2057 74 19 vous
1491 2046 111 30 inviter
1613 2067 8 14 ,
1644 2043 161 31 Monsieur
1820 2043 27 30 le
1866 2042 96 31 baron
1976 2065 9 14 ,
2009 2043 15 27 à
2041 2041 76 31 faire
2132 2042 91 30 sortir
2237 2040 38 31 de

1251 2089 106 41 prison
1374 2087 43 31 les
1429 2087 141 31 habitans
1585 2086 37 31 de
1646 2085 248 35 Coulommiers,
1919 2082 86 32 MM.
2031 2081 38 32 de
2085 2081 145 31 Yarenne
2246 2088 32 24 et

1252 2130 168 43 Grimberg
1433 2148 19 21 r
1462 2128 128 31 détenus
1604 2130 17 27 à
1643 2125 268 41 Sainte-Pélagie,
1928 2135 83 31 pour
2024 2125 86 28 avoir
2127 2122 149 41 empêché

1252 2172 39 31 de
1307 2172 72 30 tirer
1393 2183 52 18 sur
1467 2170 43 30 les
1530 2177 124 33 troupes
1670 2167 102 32 alliées
1786 2166 74 32 dans
1881 2166 170 31 l'intérieur
2065 2165 38 30 de
2115 2164 66 30 leur
2194 2174 64 19 com-

1252 2224 111 27 mune,
1380 2219 31 22 et
1426 2211 86 31 avoir
1530 2211 90 30 sauvé
1629 2210 76 30 ainsi
1713 2209 28 30 la
1755 2210 47 30 vie
1821 2207 38 30 de
1876 2207 83 30 leurs
1972 2206 201 41 concitoyens
2190 2212 31 22 et
2235 2205 38 30 de

1251 2255 83 30 leurs
1350 2254 180 43 propriétés.

1296 2296 32 30 S.
1343 2296 37 30 M
1404 2296 97 28 desire
1515 2291 172 44 également
1706 2302 59 28 que
1778 2301 77 20 vous
1869 2288 124 32 rendiez
2006 2290 15 27 à
2039 2288 27 30 la
2082 2287 109 30 liberté
2205 2293 70 24 tous

1253 2336 41 32 les
1310 2336 156 31 individus
1480 2335 63 40 qui,
1561 2344 54 31 par
1625 2333 204 30 attachement
1846 2334 15 26 à
1877 2330 66 31 leur
1958 2330 106 30 ancien
2081 2335 28 24 et
2122 2327 66 32 leur
2203 2328 61 41 légi-

1254 2379 73 30 time
1344 2378 178 37 sômerain,
1546 2381 56 24 ont
1625 2375 46 28 été
1689 2373 126 30 détenus
1837 2372 150 40 jusqu'ici.

1296 2420 90 28 Vous
1402 2418 135 32 youdrez
1552 2415 81 38 bien,
1651 2414 161 32 Monsieur
1828 2414 27 28 le
1864 2413 109 38 baron,
1990 2412 74 30 faire
2076 2412 113 28 insérer
2202 2417 77 24 celte

1253 2459 89 32 lettre
1358 2459 74 31 dans
1447 2466 69 24 tous
1530 2457 43 31 les
1584 2459 162 39 journaux.

1586 2512 92 39 Signe
1700 2509 28 30 le
1742 2515 100 24 comte
1856 2506 37 32 de
1909 2505 234 32 NESSELROBE.

1296 2631 83 30 Avid.
1446 2628 44 31 Le
1505 2627 107 43 public
1620 2634 45 22 est
1674 2627 135 40 prévenu
1825 2635 60 31 que
1899 2623 27 31 le
1941 2622 106 43 départ
2060 2622 54 32 des
2124 2622 148 31 courriers

1254 2672 39 31 de
1311 2670 26 30 la
1356 2676 87 37 poste
1462 2680 57 20 aux
1534 2668 103 31 lettres
1652 2679 71 19 aura
1743 2667 61 31 lieu
1815 2663 200 43 aujourd'hui
2031 2674 120 21 comme
2163 2665 17 28 à
2193 2662 64 31 l'or-

1256 2713 126 31 dinaire.

1437 2823 113 31 COURS
1569 2830 45 21 DE
1630 2829 41 24 LA
1684 2820 146 30 BOURSE.
1848 2837 39 6 —
1898 2819 50 28 Du
1962 2818 37 31 3I
2016 2825 87 22 marj.

1259 2889 85 41 Cinq
1356 2901 81 30 pour
1456 2901 54 19 100
1531 2900 26 20 c.
1569 2888 116 30 Jouiss.
1708 2887 43 30 du
1769 2897 39 18 22
1822 2896 80 19 mars
1925 2885 84 35 iBi4-
2130 2883 38 32 fr*
2183 2882 74 30 Soc.

1259 2933 94 35 Idem,
1369 2933 103 39 jouiss.
1487 2928 41 33 du
1540 2941 38 18 22
1598 2935 74 34 sept.
1698 2928 84 37 iBi4-

1259 2974 129 28 Actions
1398 2970 37 31 de
1443 2972 27 31 la
1476 2970 130 41 Banque
1617 2967 217 33 deFr.du
2030 2967 84 41 i£jt4-
2130 2982 32 7 •—
2174 2966 59 28 550
2245 2962 35 31 fr.

1591 3081 302 35 SPECTACLES.

1592 3144 126 20 THEATRE
1736 3144 50 19 DES
1804 3133 139 28 VARIÉTÉS.

1294 3178 56 24 Une
1367 3176 85 26 Heure
1465 3175 34 24 de
1512 3174 129 25 Jocrisse.
1658 3174 25 22 le
1696 3171 87 25 Sourd.

1586 3207 125 24 THÉÂTRE
1731 3211 35 18 DE
1788 3211 30 17 LA
1838 3202 107 26 GAIETÉ.

1294 3242 112 25 Vallker
1417 3243 22 24 le
1457 3241 97 27 Cruel,
1580 3241 37 22 les
1633 3241 98 22 liuines
1744 3241 32 21 de
1792 3237 145 32 Hahylone.

1526 3274 128 26 THÉÂTRE
1671 3280 37 17 1)E
1727 3270 286 28 L'AMBIGIT-COSIIQUE.

1291 3309 124 26 Madame
1428 3309 33 24 de
1478 3308 17 24 P
1502 3308 98 30 aluoir,
1618 3307 26 24 la
1658 3305 196 26 Musicdmanie.

1465 3348 97 22 CIRQUE
1581 3345 156 24 OLYMPIQUE
1755 3345 51 18 SES
1825 3343 93 19 SIEURS
1937 3341 145 19 FRAÏiCÛNI.

1294 3377 106 26 Grands
1423 3374 138 28 Exercices
1576 3372 188 33 d'équitatior»,
1783 3377 46 20 etc.
1843 3389 7 11 ,
1869 3370 79 25 suivis
1962 3370 32 24 de
2011 3371 104 22 Lotatre
2128 3370 27 22 et
2169 3366 111 32 Funfaa.

1501 3422 125 24 THÉÂTRE
1646 3424 180 24 PITTORESQUE
1843 3424 32 18 ET
1887 3416 171 30 MÉCANIQUE.

1292 3456 40 26 M.
1354 3456 91 26 Pierre
1465 3454 122 33 prévient
1603 3452 64 34 Qu'il
1685 3463 13 14 a
1720 3450 143 27 renouvelé
1883 3458 52 15 son
1954 3448 129 34 sptcl3cle
2105 3445 31 25 de
2154 3445 126 34 plusieurs

1260 3490 89 26 Pièces
1364 3488 151 33 nouvelles,
1533 3490 63 27 epir
1605 3489 87 22 autres
1708 3485 81 26 d'une
1804 3482 113 34 superbe
1932 3491 50 17 vue
1996 3482 33 25 de
2048 3481 185 33 Laut'eubourg
2246 3488 34 17 en

1259 3524 94 25 Suisse.

1292 3575 119 19 CABINET
1431 3575 34 17 DF.
1483 3573 138 21 PHYSIQUE
1641 3572 37 17 ET
1696 3570 34 17 PB
1747 3567 233 20 FANTASMAGORIE
1998 3567 35 18 DE
2053 3567 31 17 M.
2109 3565 151 20 t.EBRETON,

1294 3602 48 25 Les
1356 3604 106 24 séances
1473 3605 48 21 ont
1535 3600 50 26 lieu
1602 3600 35 24 les
1648 3596 170 31 dimanches,
1834 3593 143 27 mercredis
1990 3599 26 20 et
2031 3591 149 28 vendredis.

1293 3680 133 35 Spectacle
1442 3679 32 25 de
1488 3679 41 25 M.
1545 3678 116 31 Olivier,
1683 3684 47 17 rue
1746 3672 390 31 Neuve-des-Petits-Champs
2148 3690 7 6 .
2181 3671 39 25 n°.
2238 3670 39 27 i.V

1296 3716 46 25 On
1355 3711 129 30 entendra
1496 3711 69 26 deux
1580 3711 80 26 Mains
1674 3711 120 24 exécuter
1808 3707 124 28 diflérens
1945 3715 138 17 morceaux
2096 3704 33 26 de
2148 3704 131 33 musique»,

287 3842 196 41 impsanecie
498 3841 39 33 4*
555 3839 59 31 Lti
630 3835 255 41 NtfiiMAÎfF,
900 3848 59 20 nre
974 3835 56 33 4es
1044 3834 257 38 Pffeies-Sàint—
1305 3831 385 37 Gemaiii^rAuxerrots,
1716 3834 45 25 n°.
1782 3839 33 30 17
1828 3848 8 17 ,
1864 3827 136 28 vis-à-vis
2010 3824 9 30 l
2029 3823 116 43 iïglisr,

1179 152 7 28 (
