2439 3973
292 91 243 34 vendredi
624 85 143 43 Avril
793 94 33 33 «s
833 93 45 40 «4.

624 344 446 76 JOURNAL
1120 346 176 72 DES
1348 344 394 89 DEBATS,

630 828 122 34 AVIS.

222 870 74 27 MM.
315 872 38 26 le#
366 872 201 34 Smiscripleurs
578 872 46 27 des
637 873 200 38 départeinens,
852 872 66 27 dont
932 873 206 26 l'abonnement
1150 870 73 40 finit.

187 906 26 24 le
226 914 11 15 i
241 904 18 27 S
270 907 32 24 de
311 914 31 15 ce
348 907 74 30 mois,
435 909 63 21 sont
509 905 115 35 priés'de
634 906 27 25 le
672 907 64 25 l'aire
751 906 159 27 renouveler
925 914 71 26 pour
1010 917 34 15 ne
1061 915 45 25 pas
1114 909 80 31 éprou-

187 947 48 15 ver
248 938 34 26 de
291 938 97 26 retard.

220 972 39 24 Le
278 973 61 31 prix
361 972 32 25 de
410 973 189 24 Vabonnement
617 981 35 15 au
679 971 184 27 JOURNAL
882 972 73 26 DES
974 971 172 31 DEBATS,
1172 972 26 26 ci-

187 1004 97 26 devant
298 1004 32 25 de
341 1003 139 28 PEMPIRE,
493 1005 33 25 de
535 1005 94 33 quinze
640 1005 34 26 fr.
687 1015 66 24 pour
764 1006 63 25 trais
833 1006 78 31 mois,
926 1006 33 26 de
964 1010 86 22 trente
1061 1005 104 33 ir.pour
1168 1007 43 25 six

185 1038 65 25 mois
262 1055 7 13 ,
282 1041 27 22 et
324 1038 32 25 de
366 1038 120 26 soixante
501 1038 32 25 ir.
543 1048 67 24 pour
618 1038 19 26 t
638 1042 90 22 année.

219 1071 53 26 Les
281 1071 104 28 lettres,
397 1074 110 31 paquets
517 1074 26 22 et
556 1075 103 30 argent,
679 1072 102 25 doirent
794 1075 53 22 être
859 1072 129 31 adressés,
997 1072 80 32 franc
1091 1074 31 24 de
1131 1071 76 33 port,

185 1113 33 17 au
234 1104 96 25 bureau
344 1103 77 26 dudit
431 1104 128 28 Journal,
573 1115 45 14 rue
633 1104 47 25 des
693 1106 102 25 Prêtres
808 1107 90 25 Saint-
904 1107 125 26 Germain-
1030 1107 19 24 F
1051 1108 61 24 Aux
1115 1108 77 22 errois
1202 1124 6 15 ,

246 1146 26 22 17
285 1155 7 13 ,
312 1140 27 22 et
353 1137 39 25 les
404 1137 78 33 effets
487 1139 93 31 passés
591 1140 20 24 à
622 1139 141 25 Fordre-du
776 1140 115 24 caissier.

222 1169 46 26 On
286 1175 40 20 est
347 1172 58 32 prié
423 1172 34 25 de
470 1169 107 34 joindre
599 1172 17 25 à
633 1175 96 21 toutes-
741 1175 38 22 les
800 1172 187 26 réclamations
1000 1191 6 11 ,
1032 1172 178 35 ebangemens

187 1202 144 26 d'adresses
363 1201 67 27 ainsi
455 1213 54 25 que
528 1213 70 24 pour
617 1204 38 26 les
676 1205 229 30 réabonnemens,
922 1206 24 26 la
961 1206 123 26 dernière
1108 1206 103 26 adresse

187 1235 143 34 imprimée
354 1245 52 24 que
429 1235 59 28 l'on
509 1246 15 17 a
539 1247 80 27 reçue
640 1247 64 18 avec
722 1239 25 26 le
761 1238 117 27 Journal
889 1248 7 22 ;
917 1248 37 17 ou
977 1247 59 18 sera
1057 1240 72 26 servi
1152 1240 59 33 plus

187 1273 211 32 promptement.

529 1309 332 40 ANGLETERRE.

537 1371 132 31 Londres
681 1394 9 14 ,
722 1384 38 19 20
776 1382 85 21 mars.

230 1424 57 31 On
311 1434 104 21 assure
428 1435 60 30 que
507 1423 120 43 d'après
652 1424 28 31 la
706 1426 184 31 convention
905 1427 38 30 de
969 1428 137 40 mariage
1126 1434 85 22 entre

187 1463 30 32 la
234 1465 154 41 princesse
404 1466 215 41 d'Angleterre
635 1473 28 24 et
689 1466 27 31 le
732 1467 103 41 prince
852 1469 161 28 souverain
1029 1468 38 31 de
1085 1468 27 30 la
1126 1468 65 31 Hol-

187 1505 91 31 lande
304 1514 30 21 et
356 1506 54 31 des
430 1507 181 37 Pays-Bas,
639 1507 25 30 le
685 1507 56 32 .fils
763 1509 66 28 aîvé
852 1509 52 39 qui
931 1511 123 28 naîtroit
1072 1509 39 31 de
1134 1517 77 24 cette

187 1547 97 30 union
304 1547 94 31 seroit
411 1547 46 32 roi
471 1547 35 31 da
522 1547 26 31 la
578 1547 304 40 Grande-Bretagne
898 1572 8 14 ,
930 1551 28 28 le
984 1551 96 40 puîné
1113 1551 98 30 auroit

187 1586 28 31 la
231 1587 262 32 souveraineté'de
509 1587 27 32 la
550 1589 157 31 Hollande
719 1597 30 22 et
765 1590 51 30 des
834 1590 172 41 Pays-Bas.

233 1628 56 31 Les
305 1629 161 33 nouvelles
483 1629 37 31 de
542 1629 158 32 Hollande
716 1638 176 22 annoncent
908 1643 59 28 que
984 1631 28 30 le
1031 1642 80 31 pape
1127 1644 17 18 a
1165 1633 47 30 été

185 1669 130 33 conduit
330 1671 18 28 à
363 1669 97 40 Nice,
485 1670 30 30 le
537 1682 19 30 9
578 1671 125 39 février,
730 1678 31 24 et
776 1683 58 30 que
854 1672 26 30 le
904 1684 28 18 11
956 1672 20 30 il
993 1671 104 32 devoit
1116 1675 96 39 partir

187 1722 81 30 pour
280 1710 122 40 Gênes,
423 1715 43 28 où
476 1710 64 32 l'on
553 1713 102 30 faisoit
669 1711 52 31 des
735 1714 182 41 préparatifs
933 1724 80 31 pour
1026 1714 27 31 le
1067 1715 144 31 recevoir.

613 1763 172 33 RUSSIE.

484 1806 195 41 PéfersGourg
694 1830 8 17 ,
736 1819 37 18 20
787 1807 135 40 février'

228 1856 100 34 Notre
345 1858 130 32 Gazette
498 1860 138 31 contient
653 1859 43 31 les
719 1860 174 31 conditions
919 1860 38 32 de
976 1863 72 40 paix
1074 1870 87 22 entre
1182 1861 28 31 la

185 1899 112 32 Russie
320 1907 32 24 et
377 1899 27 33 la
433 1900 99 31 Perse.
563 1899 58 31 Les
644 1900 80 31 voici
745 1912 38 19 en
807 1902 162 31 substance
986 1915 6 18 :

230 1941 43 31 La
294 1939 92 32 Perse
399 1941 74 31 cède
487 1944 17 27 à
519 1941 28 31 la
565 1942 111 30 Russie
691 1941 28 31 le
735 1951 242 33 gouvernement
990 1943 38 31 de
1041 1943 163 44 K-arabag,

185 1980 182 40 Gannshin,
389 1983 150 35 Schekin,
570 1981 181 40 Senirvvan,
782 1984 157 38 Derbenl,
960 1984 128 39 Kubin,
1108 1984 100 39 Baka,

185 2021 177 40 Talischin,
389 2029 30 24 et
443 2029 70 24 tout
527 2017 31 35 le
579 2021 183 44 Daghistan.
778 2023 71 31 Elle
872 2036 137 19 renonce
1035 2036 38 19 en
1091 2033 89 22 outre
1195 2028 15 27 à

185 2069 99 25 toutes
306 2074 45 20 ses
363 2063 5 45 '
385 2063 190 43 prétentions
606 2075 52 19 sur
687 2063 28 32 la
751 2063 152 44 Géorgie,
933 2068 28 28 la
992 2068 149 40 province
1170 2068 41 31 de

187 2102 235 44 Schuragelsur
435 2104 190 39 l'lsnaretta,
644 2104 116 39 Guria,
787 2106 183 41 Mingrélie,
996 2115 31 22 et
1048 2107 161 40 Abelaise,

185 2152 31 22 ot
235 2145 74 30 cède
337 2147 17 27 à
376 2144 31 31 la
431 2144 128 40 Russie,
583 2157 83 31 pour
693 2147 162 40 toujours,
881 2147 30 31 la
935 2150 213 31 souveraineté
1170 2148 39 31 de

187 2192 69 25 tous
276 2197 48 20 ces
348 2196 87 37 pays.

182 2238 18 14 v
226 2226 45 31 Le
286 2226 136 41 pavillon
435 2238 83 20 russe
543 2226 164 32 dominera
723 2229 66 31 seul
804 2239 52 19 sur
879 2230 30 31 la
922 2242 66 19 mer
1010 2231 200 45 Caspienne,

182 2275 120 22 enserte
319 2269 174 40 qu'aucune
509 2276 84 22 autre
608 2270 158 39 puissance
784 2281 38 19 ne
842 2282 113 30 pouara
970 2272 87 31 avoir
1070 2283 40 20 ae
1126 2274 69 30 vais-

184 2320 111 27 seaux,
311 2310 32 30 ni
356 2316 100 22 autres
472 2310 117 30 navires
605 2310 72 31 dans
692 2317 77 24 cette
782 2322 77 20 mer.

226 2349 59 31 Les
298 2349 171 43 réglemens
496 2352 120 30 suivans
634 2357 54 24 ont
704 2353 46 30 été
767 2353 65 30 faits
862 2362 185 22 concernant
1067 2355 30 30 le
1117 2365 71 21 com-

182 2401 103 20 merce
299 2399 85 22 entre
400 2391 41 31 les
457 2391 77 31 deux
552 2392 187 40 puissances:

227 2432 58 30 Les
305 2434 94 38 sujets
418 2443 97 19 russes
539 2440 151 33 pourront
710 2434 149 40 importer
878 2434 80 32 leurs
973 2435 236 32 marchandises

182 2484 64 19 non
260 2473 171 31 seulement
443 2485 37 19 en
498 2473 111 38 Perse,
628 2474 74 28 mais
719 2476 79 30 aussi
811 2476 73 30 dans
899 2476 44 31 les
957 2487 165 32 royaumes
1137 2479 56 28 voi-

182 2515 79 35 sins;
288 2513 35 31 ils
350 2524 38 20 ne
413 2516 142 39 paieront
579 2525 58 30 que
660 2516 70 39 cinq
754 2526 79 30 pour
855 2525 69 22 cent
940 2529 86 31 pour
1041 2525 102 24 toutes
1166 2519 44 31 les

182 2555 228 31 marchandises
429 2555 90 41 qu'ils
539 2556 206 41 importeront
762 2567 40 20 en
819 2556 111 43 Perse,
954 2559 77 31 ainsi
1048 2571 61 30 que
1129 2571 81 32 pour

185 2596 91 31 celles
298 2596 90 40 qu'ils
404 2602 209 35 exporteront.

226 2636 59 32 Les
308 2639 113 30 Russes
441 2648 37 19 ne
497 2644 155 34 pourront
673 2637 61 31 être
751 2636 149 41 traduits,
921 2650 37 19 en
973 2641 129 31 matière
1117 2653 67 21 com-

182 2678 156 39 merciale,
364 2688 59 28 que
437 2689 56 28 par
507 2679 110 30 devant
631 2679 43 30 les
686 2681 123 28 consuls
826 2691 98 21 russes
943 2693 41 20 ou
999 2689 100 25 autres
1116 2694 92 31 agens

184 2718 74 32 dans
272 2719 43 32 les
328 2719 172 31 différentes
513 2719 87 31 villes
617 2720 38 30 de
671 2720 106 31 Perse.

443 2772 180 32 EMPIRE
646 2773 295 32 D'AUTRICHE.

536 2815 115 30 Vienne
659 2837 9 14 ,
689 2825 38 20 20
735 2815 118 40 février.

228 2868 135 32 Comme
381 2878 41 20 on
437 2867 79 31 croit
537 2867 38 31 ici
598 2868 227 41 généralement
837 2880 60 30 que
915 2869 26 31 la
963 2882 109 30 guerre
1094 2882 71 20 avec
1178 2871 28 31 la

185 2908 119 32 France
319 2919 64 20 sera
403 2908 119 32 bientôt
539 2910 164 38 terminée,
728 2917 27 22 et
775 2920 60 30 que
853 2922 78 19 nous
948 2923 79 19 nous
1048 2913 161 30 attendons

184 2953 15 27 à
217 2952 67 31 voir
304 2952 15 28 à
339 2949 141 38 Vienne,
510 2952 87 38 après
624 2949 26 32 la
677 2962 38 31 pa
719 2942 5 52 ;
729 2963 32 24 x,
784 2942 43 39 les
855 2962 185 31 monarques
1064 2955 54 39 qui
1140 2954 70 30 font

185 2989 216 32 actuellement
415 2989 30 32 la
456 3001 187 32 campagne,
669 3001 40 20 on
724 2992 135 41 faitdéjà
873 2992 44 31 les
928 2995 183 40 préparatifs
1126 3006 83 30 pour

185 3031 67 32 leur
267 3031 169 41 réception.

637 3072 164 33 SUISSE.

546 3112 76 31 Baie
632 3135 9 17 ,
666 3113 39 31 26
722 3113 120 38 février.

226 3165 46 32 Le
295 3177 58 26 20,
372 3164 17 31 à
402 3164 74 33 huit
488 3165 113 32 heures
614 3165 41 32 du
669 3168 61 30 soir
742 3190 9 15 ,
775 3167 176 40 Monsieur,
969 3168 80 31 frère
1067 3168 40 35 du
1121 3168 85 38 Roi,

187 3215 45 22 •et
248 3208 79 40 parti
350 3207 39 30 de
409 3214 81 25 cette
508 3206 72 31 ville
602 3219 80 30 pour
702 3208 28 32 le
745 3209 280 40 quartier-général
1044 3209 53 31 des
1110 3210 94 32 alliés.

183 3249 30 32 A
237 3260 56 19 son
313 3249 102 30 entrée
431 3257 39 20 en
491 3248 143 39 France,
663 3249 32 31 S.
711 3249 43 33 A.
772 3249 38 31 R.
835 3262 15 18 a
874 3249 107 43 publié
1004 3262 61 19 une
1080 3250 111 44 procla-

182 3289 129 32 mation.
324 3294 12 33 (
345 3288 91 32 Nous
457 3288 30 31 la
500 3289 104 31 ferons
618 3292 162 30 connoître
800 3291 151 38 demain.)

226 3331 44 30 La
292 3328 124 32 marehe
441 3331 52 30 des
509 3338 128 34 tri*upes
657 3343 57 28 par
736 3340 77 22 celte
830 3333 71 30 ville
926 3345 17 18 a
964 3333 146 30 continué
1135 3344 70 19 sans

184 3372 207 40 interruption
415 3371 106 43 depuis
542 3370 28 32 le
593 3383 37 19 21
652 3371 38 31 de
711 3384 32 19 ce
767 3373 86 31 mois.
878 3373 90 32 Cette
992 3377 132 35 réserve,
1155 3374 52 40 qui

184 3412 126 31 marche
326 3424 39 18 en
383 3420 105 31 avant,
507 3415 130 30 consiste
652 3425 38 19 en
705 3426 40 30 29
761 3413 161 32 bataillons
937 3422 31 24 et
983 3416 39 30 65
1037 3416 171 32 escadrons.

183 3451 73 33 Elle
269 3464 30 19 se
315 3461 87 37 porte
417 3464 53 20 sur
485 3455 126 33 Vesaul,

563 3508 266 33 FRANCE.

423 3548 337 33 Cfiâtitlan-jur-Seiric
772 3572 8 17 ,
810 3552 34 31 16
872 3561 85 22 mars,

227 3601 115 31 C'étoil
359 3601 28 31 le
407 3614 34 19 10
455 3614 80 19 mars
549 3614 60 30 que
625 3602 168 41 Napoléon
808 3605 177 41 Bonaparte
1003 3604 104 33 devoit
1121 3606 64 32 don-

174 3652 65 27 jrer
252 3643 25 30 la
291 3646 133 39 réponse
441 3644 154 32 définitive
607 3654 53 21 sur
672 3645 211 43 l'acceptation
904 3659 41 19 ou
961 3646 27 32 la
1012 3658 175 31 non-accep-

184 3683 94 30 talion
304 3684 38 30 de
363 3684 198 33 l'ultimatum
578 3686 52 30 des
651 3689 175 39 puissances
840 3686 111 34 alliées.
973 3687 43 32 La
1038 3687 73 33 base
1130 3690 74 30 éloit

184 3733 59 31 que
265 3723 26 34 la
308 3723 118 35 France
446 3728 206 33 conserverait
664 3738 47 21 sas
724 3728 111 33 limites
850 3730 37 31 de
908 3730 86 43 1789.
1012 3730 43 33 La
1072 3732 131 40 réponse

691 533 394 69 POLITIQUE
1123 539 92 52 ET
1250 519 436 74 LITTÉRAIRE-

1918 93 66 38 tu
2029 93 5 38 )

1278 833 46 31 n'a
1343 844 54 31 pas
1420 833 46 31 élé
1480 833 207 32 satisfaisante.
1704 833 56 32 On
1778 846 14 19 a
1807 833 102 33 donné
1920 846 41 21 un
1977 848 139 22 nouveau
2134 840 78 32 délai
2229 842 51 41 jus-

1278 873 90 43 qu'au
1402 875 14 30 i
1416 875 30 30 5.
1470 874 94 31 Alors
1580 875 27 30 le
1626 874 267 44 plénipotentiaire
1912 878 37 30 de
1965 879 167 43 Napoléon
2157 886 141 41 présenta

1278 926 41 19 un
1330 918 229 39 contre-projet
1569 918 51 38 qui
1632 918 181 31 renfermoit
1825 915 53 32 dés
1886 922 188 38 prétentions
2083 924 215 33 exorbitantes.

1281 957 58 28 Les
1352 957 175 39 puissances
1554 957 103 31 alliées
1670 970 38 19 ne
1727 966 138 32 pouvant
1880 959 66 40 plus
1963 963 100 31 traiter
2073 976 70 20 sous
2159 966 35 30 de
2206 976 66 20 sem-

1278 993 117 34 blables
1411 997 155 44 auspices,
1581 1006 54 21 ont
1652 999 107 40 publié
1773 1010 59 19 une
1858 999 184 34 déclaration
2056 1009 59 26 très
2135 1006 132 30 étendue
2284 1030 13 17 ,

1277 1045 167 22 contenant
1461 1037 25 31 le
1508 1037 91 32 détail
1611 1039 52 30 des
1680 1041 207 40 négociations
1900 1043 52 39 qui
1967 1050 53 24 ont
2035 1056 35 19 eu
2083 1045 59 31 lieu
2160 1046 137 41 pendant

1278 1080 26 30 le
1318 1081 145 39 congrès,
1482 1087 28 21 el
1519 1078 41 31 les
1570 1091 105 21 causes
1688 1081 37 30 de
1736 1093 33 19 sa
1779 1085 138 38 rupture.
1932 1085 86 31 Nous
2030 1087 175 33 donnerons
2218 1096 80 26 cette

1280 1120 83 43 pièce
1378 1121 196 39 importante.

1642 1163 120 40 PARIS,
1791 1175 11 18 lERI
1806 1168 25 14 ER
1850 1167 86 31 aoril,

1319 1214 33 31 S.
1369 1213 45 31 M.
1427 1214 200 43 l'Empereur
1641 1218 38 30 de
1689 1224 100 25 toutes
1804 1218 43 31 les
1863 1219 125 33 Russies
2004 1233 13 18 a
2034 1226 126 30 nommé
2172 1237 112 30 gouver-

1279 1266 77 20 neur
1368 1257 141 30 militaire
1524 1257 38 30 de
1580 1258 103 39 Paris,
1707 1258 34 31 S.
1762 1258 74 31 Exc.
1865 1261 28 30 le
1917 1261 93 31 baron
2029 1264 188 41 deSacken,
2239 1270 40 39 gé-

1278 1297 85 31 néral
1388 1307 37 19 en
1449 1298 78 30 chef.
1615 1298 76 32 Exc.
1719 1311 116 32 occupe
1861 1302 107 33 l'hôtel
1994 1303 37 32 de
2047 1304 129 34 l'ancien
2193 1309 107 33 amiral

1280 1338 216 31 Gantheaume
1507 1362 8 15 ,
1540 1350 53 19 rue
1625 1341 40 30 du
1694 1342 152 41 faubourg
1863 1343 260 41 Saint-Honoré,
2144 1355 44 26 n°.
2210 1350 50 34 3r,

1374 1381 135 30 L'armée
1526 1380 87 32 alliée
1629 1382 67 31 s'est
1709 1384 177 40 approchée
1896 1385 38 28 de
1948 1384 86 32 Paris
2046 1400 56 30 par
2115 1388 28 32 la
2159 1398 87 24 route
2262 1393 40 31 de

1280 1421 131 38 Meaux,
1436 1420 73 32 dans
1532 1421 25 31 la
1580 1423 98 31 soirée
1695 1423 41 31 du
1750 1436 39 28 29
1802 1436 90 20 mars.
1910 1426 57 31 Les
1978 1426 146 33 hauteurs
2146 1430 37 31 de
2197 1431 89 33 Belle-

1278 1461 86 37 ville,
1384 1462 293 32 Saint-Chaumont
1696 1472 28 22 et
1756 1466 204 32 Montmartre
1982 1470 119 30 avoient
2117 1473 48 28 été
2181 1474 119 40 garnies

1280 1504 171 33 d'artillerie
1463 1515 7 24 ;
1495 1515 50 19 ces
1560 1505 143 31 hauteurs
1717 1513 54 22 ont
1785 1508 50 28 été
1847 1511 154 39 attaquées
2011 1512 152 32 mercredi
2173 1515 40 28 3o
2226 1518 14 26 à
2256 1517 46 30 six

1279 1545 110 31 heures
1404 1552 30 22 et
1452 1546 99 31 demie
1566 1545 43 31 du
1626 1547 97 30 matin
1737 1558 8 18 :
1763 1547 26 30 le
1814 1548 51 30 feu
1880 1561 15 18 a
1912 1550 143 32 continué
2078 1564 72 20 avec
2174 1556 129 33 vivacité

1278 1586 119 41 jusqu'à
1429 1589 73 28 trois
1530 1587 111 30 heures
1668 1596 31 22 et
1728 1589 100 31 demie
1840 1602 7 26 ;
1874 1589 44 33 les
1937 1592 148 40 positions
2111 1604 92 33 ayant
2219 1597 81 32 alors

1279 1631 47 30 été
1358 1630 144 30 tournées
1532 1636 28 22 et
1594 1628 159 41 enlevées,
1791 1630 27 31 le
1851 1643 89 31 corps
1969 1632 132 33 d'armée
2128 1639 54 38 qui
2216 1650 17 18 a
2237 1639 64 31 voit

1278 1671 48 28 élé
1339 1671 131 39 engagé,
1495 1681 14 19 a
1534 1669 125 31 effectué
1676 1682 31 19 sa
1729 1672 138 38 retraite,
1889 1681 31 22 et
1945 1672 41 31 les
2013 1674 148 35 barrières
2183 1687 57 24 ont
2252 1681 48 30 été

1279 1710 239 31 exclusivement
1533 1714 151 40 occupées
1706 1723 58 30 par
1779 1713 27 31 la
1834 1714 93 41 garde
1952 1717 154 31 nationale
2117 1731 8 25 ;
2153 1731 60 19 une
2232 1733 53 19 sus-

1278 1752 131 41 pension
1431 1752 129 31 d'armes
1580 1752 48 32 fut
1646 1754 130 31 conclue
1794 1755 18 31 â
1833 1756 69 41 cinq
1929 1755 109 32 heures
2060 1765 31 25 et
2115 1760 117 38 demie;
2258 1763 43 31 las

1278 1793 84 31 alliés
1384 1793 161 40 gardèrent
1559 1793 81 31 leurs
1656 1795 146 40 positions
1815 1820 8 17 ,
1843 1805 30 22 et
1886 1808 100 20 aucun
2006 1798 143 33 militaire
2160 1805 141 41 étranger

1279 1845 39 19 ne
1329 1837 124 39 pénétra
1469 1834 74 30 dans
1564 1834 27 31 la
1605 1835 80 33 ville.
2248 1830 17 15 3

1323 1876 84 32 Dans
1423 1873 26 32 la
1463 1876 131 31 matinée
1613 1876 43 31 du
1671 1877 58 39 3i,
1755 1877 43 32 les
1821 1881 116 28 armées
1962 1880 102 32 alliées
2087 1890 54 25 ont
2161 1884 54 31 fait
2232 1885 71 32 leur

1278 1919 104 28 entrée
1395 1916 73 32 dans
1480 1916 28 32 la
1522 1917 130 41 capitale
1667 1928 56 32 par
1733 1918 27 31 la
1772 1930 56 20 rue
1839 1922 41 30 du
1892 1922 152 43 faubourg
2057 1923 241 40 Saint-Martin;

1278 1958 73 28 elles
1375 1964 56 24 ont
1456 1958 78 28 suivi
1551 1957 41 31 les
1610 1958 184 32 boulevards
1807 1963 159 31 intérieurs
1987 1965 43 28 du
2053 1965 110 38 Nord,
2191 1968 28 30 la
2245 1980 57 20 rua

1280 1997 141 43 Royale,
1452 1997 28 30 la
1502 1997 86 41 place
1606 2000 38 30 de
1671 1998 96 32 Louis
1782 2000 69 33 XV
1864 2011 30 21 et
1905 2004 138 32 l'avenue
2063 2007 52 31 des
2135 2007 165 45 Champs-

1279 2039 138 45 Elysées.
1441 2039 61 32 Ces
1517 2046 142 37 troupes,
1678 2044 177 39 composées
1873 2043 204 40 d'infanterie,
2098 2047 92 33 d'une
2204 2061 73 20 nom-

1278 2080 109 31 breuse
1419 2079 164 40 cavalerie,
1606 2091 31 21 et
1659 2082 38 30 de
1720 2082 91 32 trains
1834 2083 196 44 d'artillerie,
2059 2091 116 30 étoient
2206 2092 93 32 d'une

1277 2124 61 28 très
1350 2121 80 32 belle
1439 2121 5 44 ,
1455 2128 100 25 tenue.
1581 2124 200 31 L'infanterie
1804 2125 155 33 marchoit
1971 2139 52 21 sur
2037 2131 39 30 3o
2095 2130 144 34 hommes
2262 2134 40 31 da

1278 2165 84 30 front
1381 2172 30 22 et
1434 2163 27 31 la
1488 2163 146 33 cavalerie
1655 2176 52 20 sur
1736 2166 118 40 quinze.

1318 2204 32 31 S.
1367 2205 46 30 M.
1443 2203 198 45 l'Empereur
1671 2206 37 30 de
1726 2206 129 40 Russie,
1883 2209 31 33 S.
1928 2209 50 35 M,
2001 2209 28 33 le
2043 2213 45 28 roi
2112 2212 35 33 de
2164 2215 110 32 Prusse

1279 2248 34 31 S.
1339 2248 39 28 A.
1404 2245 26 31 I.
1454 2245 30 30 le
1511 2246 181 40 grand-duc
1717 2248 183 34 Constantin
1919 2274 9 15 ,
1958 2258 31 22 et
2019 2252 34 31 S.
2078 2254 40 30 A.
2146 2255 27 31 le
2193 2257 106 41 prince

1278 2288 38 31 de
1346 2287 280 43 Schwartzenberg
1645 2288 115 32 étoiént
1789 2300 39 20 en
1851 2293 60 28 tête
1931 2293 37 31 de
1994 2294 27 30 la
2043 2294 149 41 colonne,
2222 2296 58 43 pré-

1277 2329 89 30 cédés
1403 2328 171 31 seulement
1613 2329 39 31 de
1687 2330 149 41 quelques
1869 2333 162 32 escadrons
2063 2336 38 30 de
2139 2337 158 34 cavalerie.

1278 2369 65 32 LL.
1352 2368 89 32 MM.
1456 2370 113 30 étoient
1586 2372 110 30 suivies
1710 2372 74 30 d'un
1805 2372 172 34 nombreux
1991 2379 195 40 état-major.

1319 2411 32 32 S.
1365 2411 46 31 M.
1428 2411 197 40 l'Empereur
1638 2411 172 33 Alexandre
1822 2437 8 14 ,
1853 2414 33 31 S.
1910 2414 48 33 M,
1974 2417 27 30 le
2026 2418 60 31 Roi
2102 2419 38 30 de
2159 2419 110 32 Prusse

1278 2459 28 24 et
1320 2452 33 31 S.
1372 2454 40 28 A.
1430 2451 26 32 I.
1475 2451 27 31 le
1522 2451 201 32 Grand-Duc
1737 2451 202 44 Constantin,
1962 2469 13 19 s
1985 2466 81 22 étant
2083 2459 102 43 placés
2205 2473 52 19 sur
2270 2463 27 31 le

1278 2494 67 31 côté
1359 2492 83 31 droit
1452 2499 31 24 et
1494 2503 66 21 vers
1570 2492 28 31 le
1612 2493 105 31 milieu
1731 2494 38 30 de
1782 2494 139 33 l'avenue
1930 2497 365 45 desChamps-Elysées,

1278 2535 41 32 les
1337 2542 125 34 troupes
1476 2542 54 22 ont
1545 2533 91 32 défilé
1652 2545 70 20 sans
1731 2535 208 44 interruption
1955 2542 136 39 pendant
2107 2542 70 45 plus
2191 2544 37 30 de
2254 2546 44 33 six

1278 2577 107 30 heures
1404 2576 112 31 devant
1540 2574 63 33 LL.
1620 2575 85 32 MM.
1736 2576 72 32 Une
1834 2587 85 22 autre
1942 2581 130 32 colonne
2086 2585 211 31 considérable

1278 2619 38 30 de
1329 2626 126 33 troupes
1469 2615 117 32 défiloit
1600 2628 39 20 en
1656 2619 102 30 même
1772 2626 99 35 temps
1883 2621 109 41 parles
2011 2623 182 32 boulevards
2209 2629 71 28 exté-

1277 2660 96 30 rieurs
1385 2681 11 15 ,
1413 2659 27 30 le
1455 2657 74 41 long
1547 2657 52 31 des
1616 2669 84 31 ipurs
1720 2659 79 31 delà
1814 2656 149 45 capitale,
1984 2675 81 30 pour
2075 2665 74 32 aller
2164 2668 133 40 prendre

1278 2701 52 30 des
1341 2707 241 24 cantonnemens
1597 2700 74 30 dans
1681 2699 43 32 les
1734 2702 142 30 environs
1887 2704 38 30 de
1938 2704 93 33 Paris.

1319 2741 143 31 Pendant
1472 2751 34 20 ce
1521 2750 217 31 mouvement,
1765 2750 31 21 et
1815 2754 52 19 sur
1881 2750 84 25 toute
1988 2746 28 31 la
2029 2747 133 31 distance
2178 2760 59 20 oue
2249 2761 48 20 ces

1277 2786 116 28 armées
1410 2791 56 24 ont
1476 2783 169 39 franchies,
1664 2781 43 31 les
1720 2783 217 32 acclamations
1952 2797 31 19 se
1995 2797 71 22 sont
2082 2790 54 31 fait
2150 2792 148 30 entendre

1278 2824 37 31 de
1326 2833 100 21 toutes
1441 2831 84 37 parts
1540 2836 7 25 ;
1566 2825 73 30 mais
1652 2822 250 34 l'enthousiasme
1926 2828 76 31 étoit
2014 2832 90 38 porté
2119 2842 37 19 au
2173 2832 124 32 comble

1277 2868 128 28 aussitôt
1430 2877 59 30 que
1508 2864 41 30 les
1569 2865 123 40 regards
1716 2868 171 39 pouvoient
1907 2878 32 19 se
1965 2868 77 32 fixer
2055 2882 53 19 sur
2124 2871 63 32 LL.
2211 2874 86 33 MM.

1277 2907 200 41 l'Empereur
1495 2907 176 30 Alexandre
1693 2914 31 22 et
1739 2907 27 31 le
1782 2907 63 31 Roi
1861 2907 38 31 de
1920 2908 119 32 Prusse.
2061 2913 65 30 Des
2143 2914 57 30 cris
2213 2915 67 31 d'al-

1277 2948 128 43 légresse
1429 2948 178 30 s'élevoient
1635 2947 76 31 dans
1734 2947 44 32 les
1795 2949 57 28 airs
1870 2962 8 24 ;
1906 2961 39 19 on
1971 2962 32 19 se
2033 2948 177 46 précipitoit
2237 2967 59 25 aux

1278 2991 85 40 pieds
1375 2991 38 30 de
1429 2991 27 28 la
1468 2999 151 31 personne
1629 2998 129 32 auguste
1766 2989 38 32 de
1813 2989 30 31 S.
1854 2991 45 31 M.
1910 2991 9 32 l
1932 2992 177 43 Empereur
2119 2995 37 28 de
2167 2995 110 32 Russie
2284 3008 9 25 ;

1277 3041 40 19 on
1332 3031 126 41 pressoit
1473 3040 45 19 ses
1532 3027 113 43 mains,
1664 3039 45 19 ses
1724 3043 137 30 genoux,
1887 3043 45 20 ses
1952 3033 99 33 habits
2063 3047 6 22 ;
2104 3047 41 20 on
2170 3040 128 30 arrêtait

1276 3083 57 19 son
1349 3071 126 38 c.heval,
1508 3078 28 22 et
1557 3070 26 31 la
1599 3070 93 32 bonté
1706 3077 85 25 toute
1807 3073 195 40 particulière
2017 3087 71 19 avec
2104 3077 131 40 laquelle
2259 3090 34 20 ce

1276 3123 172 31 mouarque
1475 3109 171 33 accueilloit
1662 3122 48 20 ces
1736 3115 209 41 témoignages
1974 3115 38 32 de
2042 3120 253 33 reeonnoissance

1276 3161 31 22 et
1320 3155 38 30 de
1371 3161 142 35 respect,
1532 3164 15 18 a
1557 3152 86 31 laissé
1658 3154 74 31 dans
1749 3162 72 24 tous
1841 3155 43 32 les
1903 3168 100 19 cœurs
2026 3169 63 20 une
2115 3161 178 39 impression

1277 3206 59 30 que
1352 3196 64 30 rien
1431 3207 38 19 ne
1482 3206 113 30 pourra
1611 3194 118 32 effacer.
1743 3195 52 31 On
1824 3206 74 33 peut
1916 3197 28 30 le
1965 3198 80 40 dire,
2079 3200 43 31 les
2147 3201 87 32 fastes
2258 3203 35 31 de

1274 3235 150 33 l'histoire
1453 3246 38 20 ne
1508 3236 176 40 présentent
1704 3248 54 30 pas
1782 3237 161 43 l'exemple
1970 3239 73 32 d'un
2067 3242 229 34 enthousiasme

1276 3278 80 33 aussi
1371 3278 132 32 éclatant
1514 3283 28 21 et
1557 3278 78 30 aussi
1657 3279 132 39 sincère,
1814 3286 31 25 et
1866 3279 41 32 les
1925 3281 86 31 fastes
2035 3281 35 31 de
2087 3282 148 37 l'histoire
2256 3298 39 20 en

1274 3325 216 25 consacreront
1508 3318 30 30 le
1552 3320 154 30 souvenir.

1317 3359 50 31 En
1381 3372 43 18 un
1436 3366 81 33 mot,
1537 3358 74 31 dans
1626 3367 74 25 cette
1717 3361 124 40 journée
1854 3363 202 39 mémorable,
2068 3364 26 32 la
2105 3366 190 41 tranquillité

1274 3400 151 45 publique
1437 3402 47 30 n'a
1501 3410 53 32 pas
1567 3402 48 30 été
1631 3400 141 33 troublée
1789 3415 41 19 un
1859 3403 66 32 seul
1939 3406 133 38 instant,
2092 3418 100 19 aucun
2207 3412 87 30 excès

1276 3442 47 31 n'a
1338 3444 47 30 été
1402 3444 143 35 commis,
1573 3449 32 24 et
1632 3442 43 31 les
1702 3443 139 32 habitans
1866 3446 37 30 de
1926 3445 84 31 Paris
2033 3455 56 22 ont
2106 3448 132 44 déployé
2252 3462 43 22 un

1273 3485 150 30 caractère
1450 3491 31 22 et
1509 3494 60 20 une
1597 3484 157 33 confiance
1785 3487 53 41 qui
1860 3487 43 32 les
1917 3487 154 33 honorent
2087 3491 15 28 à
2117 3490 104 43 jamais
2235 3503 60 22 aux

1273 3534 80 33 yeux
1369 3526 37 30 de
1419 3526 162 40 l'Europe.

1382 3566 31 32 S.
1443 3566 46 31 M.
1517 3566 197 41 l'Empereur
1741 3566 38 32 de
1802 3567 112 32 Russie
1946 3580 116 32 occupe
2082 3570 28 31 le
2135 3572 96 46 palais
2257 3572 39 32 de

1274 3605 332 45 l'Elysée-Bourbon;
1632 3607 32 32 S.
1690 3608 46 30 M.
1762 3608 27 33 le
1815 3609 61 31 Roi
1902 3611 38 31 de
1970 3611 124 39 Prusse,
2122 3612 12 32 1
2147 3614 80 30 hôtel
2258 3614 38 39 dg

1273 3647 151 39 Villeroi,
1448 3660 54 19 rue
1526 3647 37 32 de
1586 3648 169 40 Bourbon,
1776 3657 32 24 et
1826 3650 41 32 les
1886 3653 120 40 princes
2028 3653 98 30 Henri
2141 3663 31 22 eL
2199 3654 78 32 Guil-

1273 3689 102 32 laume
1390 3690 37 31 de
1441 3689 128 43 Prusse,
1587 3690 78 31 celui
1676 3689 35 32 de
1724 3691 94 31 Salm.
1833 3692 30 30 S.
1879 3694 39 30 A.
1935 3693 25 28 le
1976 3696 104 39 prince
2094 3694 170 34 debchwai
2274 3705 25 33 tç

1423 3739 43 25 est
1479 3731 70 44 logé
1565 3730 73 34 dans
1651 3743 56 22 son
1720 3732 100 43 hôtel,
1835 3744 57 24 rue
1906 3735 43 33 du
1964 3735 226 38 Mont-Blatte,
