4996 6817
90 155 63 31 àla
169 157 94 37 ftohe
278 165 76 24 avec
371 158 44 30 M.
443 167 26 21 ie
483 158 163 32 'iir*ciear.
677 158 81 32 C'en
785 163 43 26 iui

87 197 53 35 qui
156 197 125 31 conduit
298 197 28 32 le
343 197 107 31 btiuo
463 196 33 30 111

607 260 20 32 A
652 261 27 30 la
702 268 85 24 ru»a

129 302 111 32 Quand
256 304 28 31 le
296 304 190 38 grand-fèrt
501 305 41 30 du
557 305 77 30 liar
650 307 99 27 aetuel
767 304 64 31 vint

86 348 40 25 en
145 343 117 31 France
278 352 73 21 avec
366 345 44 31 le*
425 345 115 38 grandi
557 347 87 31 duci,
663 345 28 30 le
715 344 116 37 peintre

87 380 131 32 Charles
255 383 143 31 Marchai
431 392 32 21 ae
497 385 133 28 trouvait
657 385 19 28 à
691 384 138 33 Nuhant,

89 422 76 31 chez
181 422 118 38 Geerge
314 424 97 28 imd.
429 422 48 32 On
495 424 113 37 parlait
634 424 38 31 de
699 426 30 26 la
754 424 45 28 lit
798 424 31 28 -

86 467 103 25 ratare
203 465 28 26 el
247 463 38 30 de
300 465 30 26 la
344 465 115 35 langee
493 471 96 27 mue,
605 468 30 27 et
667 464 28 28 le
709 461 51 31 fila
794 461 39 31 ds

86 500 144 31 l'illuitre
265 502 150 35 écrivain,
450 503 138 30 Maurice
612 503 94 33 Saod,
732 504 84 33 expli

87 541 87 35 quait
190 544 17 25 t
223 541 143 30 Marchai
380 543 32 27 la
428 541 208 39 lignification
660 542 38 30 de
725 541 93 31 oertai

86 587 54 22 net
159 580 181 31 dèiinenoei
358 586 8 21 :

177 619 102 32 Àinii,
298 620 145 33 d'iaii-il,
471 620 31 31 la
519 620 201 31 lermieaiien
749 621 44 26 vit
813 618 20 30 h

89 660 122 27 aocolee
226 660 18 27 à
270 660 31 27 la
314 661 78 27 mite
420 661 43 27 du
490 669 74 21 nom
594 661 237 38 patronymique

89 697 128 37 d6*igne
233 700 27 26 le
274 698 52 31 flli
347 700 71 30 aîné
432 700 39 31 de
497 702 31 28 la
555 700 157 31 famille...
738 699 93 30 Ai-tu

91 739 133 32 comprit
240 737 17 30 ?

184 776 73 35 Oui,
276 777 190 31 Sandvllcht

641 819 138 28 MÉTtOR

180 914 566 123 RENNES

125 1090 51 26 Le
203 1091 129 26 leetni
360 1091 92 33 qnll
477 1091 85 28 fait.
627 1093 206 28 Observation»

92 1123 38 28 do
141 1124 34 27 20
187 1126 162 30 novembre.
419 1128 50 26 h£a
482 1136 47 18 son
549 1127 96 30 Bitda
672 1137 47 19 ni*
735 1128 80 28 Natio-

92 1161 76 26 nale»
233 1162 129 27 Hauteur
378 1163 209 33 barométrique
601 1170 7 20 :
703 1176 21 7 -
743 1162 72 28 Tber-

92 1198 137 26 morcèttt
244 1202 8 20 :
268 1198 18 28 à
317 1195 17 27 9
359 1202 39 27 t.,
431 1195 18 28 8
468 1205 9 26 ;
507 1200 139 30 maxime,
665 1198 31 28 11
707 1205 9 26 ;
743 1198 72 27 mini-

92 1237 56 20 me.
164 1231 28 26 4.

131 1265 64 28 Ciel
210 1270 126 28 oouvert,
354 1269 191 33 température
562 1267 93 27 douoe.

125 1302 59 25 Petit
215 1304 145 28 Cewiodrter.
463 1306 125 26 Ao)oor<-
692 1304 76 33 jeudi
802 1302 32 26 II

93 1336 163 34 ■ovembre,
275 1337 198 30 Préieatatiaa
490 1337 33 27 de
537 1338 28 27 le
581 1337 113 35 Vierge.

128 1372 91 30 Soleil
235 1382 7 17 :
272 1376 85 28 lever,
373 1371 17 27 7
418 1375 31 25 h.
477 1371 33 27 19
529 1380 8 25 ;
566 1374 131 32 eouehcr,
717 1374 17 27 4
764 1374 53 26 heu-

155 1404 35 31 12
206 1426 9 9 .

125 1443 80 27 Lao*
222 1449 8 20 :
247 1443 85 32 lever,
350 1442 13 26 1
384 1443 30 26 k.
435 1442 34 27 34
481 1443 56 26 *eir
549 1449 7 25 ;
573 1443 131 33 oonober,
726 1443 12 26 1
756 1443 30 26 h.
803 1440 32 28 12

92 1478 105 28 metin.

126 1512 102 28 Pleiee
243 1514 69 24 lune
327 1512 26 27 le
369 1511 44 28 26.

125 1546 217 35 Bphimèride*.
419 1547 78 27 1570.
524 1547 144 27 Première
689 1548 128 32 représen-

91 1583 91 28 tation
200 1583 34 26 de
249 1580 146 31 BirèAisi,
413 1583 123 31 iregédl*
552 1583 33 27 de
601 1581 118 30 Ra.ine.

126 1617 65 27 Fête
207 1619 17 25 t
239 1624 50 20 «ou
294 1618 15 25 h
314 1618 71 26 aller
397 1623 8 19 1
420 1616 104 30 Sainte
539 1617 107 28 Céelle.

92 1681 183 72 Banquet
288 1680 51 59 de
353 1680 162 59 l'Union
528 1683 53 56 du
598 1681 236 58 Commerce

133 1794 142 31 L'Union
295 1793 43 32 do
353 1793 184 32 Commerce
553 1798 26 27 et
601 1794 37 31 de
653 1793 180 32 l'lnduitrie

92 1834 37 31 de
154 1834 124 31 Rennei
291 1843 18 20 a
320 1835 59 30 léié
394 1838 27 27 le
448 1834 46 31 10'
522 1834 74 31 auni
605 1843 130 21 verimre
749 1835 37 28 de
801 1844 32 18 ia

91 1873 161 31 fondation
279 1881 38 22 en
345 1883 43 21 an
416 1873 135 38 hanqnet
579 1874 52 35 qui
660 1873 70 31 s'est
763 1879 47 25 lin
815 1883 18 19 a

92 1913 102 30 mardi
209 1912 72 31 soir.
304 1913 78 30 dans
407 1915 41 28 lei
480 1915 104 28 salons
612 1913 38 30 de
674 1912 105 31 l'hôtel
796 1912 37 31 de

94 1952 129 33 Fracoe,
240 1961 54 21 roe
308 1954 38 28 de
360 1954 30 28 la
416 1951 158 31 Monnaie.
600 1951 70 31 Une
692 1952 141 30 centaine

92 1995 37 26 de
136 1994 143 27 convive»
295 2001 39 20 au
344 1993 78 35 plus,
442 1993 78 28 mais
531 1993 37 28 de
581 1991 156 33 convivei,
751 2001 60 20 com-

93 2040 47 20 me
156 2040 39 21 on
210 2031 56 34 dll,
280 2033 71 27 Iriéi
366 2040 50 20 inr
429 2031 27 28 le
474 2031 79 28 volet
566 2041 8 19 :
592 2029 83 31 MM.
694 2030 136 34 Pinault,

92 2074 141 26 ■énateur
250 2070 96 30 maire
369 2070 35 30 de
422 2069 144 34 Rennes;
585 2069 129 37 Leoooq.
732 2070 84 37 prési-

90 2111 72 31 denl
177 2109 37 31 de
229 2108 129 32 l'Union
373 2109 41 30 dn
443 2107 182 32 Commerce
640 2119 6 25 ;
678 2107 149 37 Beaafili,

91 2151 155 37 président
275 2150 37 30 de
333 2150 31 28 la
392 2148 155 31 Chambra
568 2148 37 30 de
630 2148 181 31 Commtroe
822 2158 8 26 ;

96 2190 181 33 Dalalaude,
296 2189 154 37 prétideni
472 2190 41 28 do
529 2189 150 30 Tribunal
692 2189 37 28 de
741 2187 77 30 Corn

91 2236 102 24 tneroe
208 2238 6 24 ;
229 2225 136 37 Janvier,
384 2229 156 37 prèiidani
555 2229 41 28 du
613 2228 149 38 Syndioat
777 2228 53 30 des

94 2269 93 30 Eulre
194 2275 142 30 preneur»
351 2267 5 38 ;
383 2268 43 28 M.
452 2267 228 35 Lemarchand,
697 2268 133 37 joaillier

90 2317 60 20 aux
165 2307 139 31 Galeries
322 2307 106 33 Mérel,
446 2311 69 30 etc.,
528 2310 58 26 elo.
605 2307 87 30 Non*
706 2315 38 21 en
762 2315 51 27 pas-

90 2356 72 22 sons
177 2354 28 25 et
224 2347 52 31 dei
292 2347 168 33 meilleure,
477 2347 126 38 n'ayant
619 2354 51 30 pn,
686 2354 142 21 nouveau

90 2396 80 21 venu
187 2388 18 28 à
233 2386 135 34 Rennei,
389 2389 105 26 mettre
521 2386 54 30 dee
605 2393 89 22 nom*
718 2393 51 21 tnr
787 2386 40 28 le»

87 2427 135 37 visages.
240 2425 81 30 Mail
338 2425 27 31 le
380 2425 116 30 oertain
507 2430 45 26 eit
565 2433 59 30 que
639 2428 63 26 tout
716 2425 27 31 le
755 2425 73 28 haut

86 2474 172 22 commerce
285 2470 28 26 et
337 2465 33 30 la
396 2465 93 30 haute
520 2465 150 30 induetrie
704 2465 123 30 rennais

86 2506 133 33 était-là.

128 2545 98 37 Après
239 2544 86 31 aveir
337 2543 61 39 prie
415 2543 86 38 plaee
515 2544 18 28 à
548 2543 52 30 dei
614 2543 94 30 tablei
725 2551 89 30 lemp

85 2589 194 31 tneuioment
294 2584 136 31 dressées
444 2591 39 22 an
506 2591 18 21 a
537 2582 123 38 dégaité
684 2583 28 31 le
735 2591 91 21 menu

84 2636 61 31 que
162 2626 78 31 voici
253 2633 9 21 :

122 2683 104 33 Potajte
241 2680 138 26 Wlndior
407 2679 56 27 Bi*
478 2686 81 20 iau*i
586 2678 87 32 riche,
704 2678 99 28 Frioaa-

84 2719 72 27 deau
174 2721 59 22 vert
250 2719 58 31 pré,
325 2713 115 31 Coinot
454 2713 33 27 de
498 2714 145 27 cbevr*uil
660 2713 87 34 grand
777 2721 33 18 ve-

85 2763 81 20 neur,
184 2752 93 28 Peiiti
295 2750 60 34 poil
370 2751 17 26 à
402 2752 27 25 ia
444 2748 99 30 llodvl.
574 2748 152 27 Poslarle»
755 2750 15 26 à
798 2756 27 20 ta

83 2789 118 30 broobe,
216 2786 128 27 Cbieorée
360 2784 81 27 friién
469 2786 77 31 pilé»
560 2784 33 26 de
609 2791 47 27 p«r
665 2791 98 19 ir»»ox

83 2828 111 24 «raûte»
222 2823 162 26 Pioukièr*
398 2820 102 32 glaete,
519 2820 84 32 petit»
618 2822 130 31 gâteaux,
764 2828 46 17 «or-

84 2861 89 27 beille
188 2859 32 26 de
231 2856 86 27 fruili
346 2856 118 26 dmnerls

119 2895 74 26 Tini
211 2902 7 18 :
235 2893 110 30 Médoo,
363 2890 112 27 Moulin
491 2890 17 26 k
523 2891 76 24 vent.
627 2888 195 35 Cbaœpagae,

80 2939 35 19 sa
117 2930 38 27 té.

124 2982 44 30 Le
182 2986 64 26 tout
261 2980 128 37 préparé
403 2979 37 30 de
467 2979 89 34 façon
585 2979 17 27 i
628 2978 176 30 enihousias-

78 3032 70 24 ne;
184 3032 40 20 un
253 3021 112 30 Brillât
383 3019 144 30 Stvarin.
555 3018 106 33 Ausii,
690 3017 131 38 lonqo'k

79 3065 118 30 l'heure
213 3061 53 28 dei
281 3066 104 26 toute,
406 3058 43 30 M.
468 3061 26 26 le
509 3058 154 34 preiid«ut
685 3057 37 30 de
751 3061 9 24 l
775 3056 27 30 U

79 3105 74 30 nion
167 3112 18 20 a
203 3104 84 34 porté
302 3099 30 30 la
346 3100 86 27 «anté
501 3097 44 30 M.
572 3097 150 33 Cbâ-eau,
751 3104 53 30 pro

79 3144 145 38 priéiaire
239 3141 37 28 de
288 3142 8 27 I
312 3137 50 32 Hé
377 3139 27 28 el
422 3137 35 31 de
474 3136 118 31 Franoe
606 3143 28 22 et
663 3139 138 26 ordonna

78 3189 69 25 leur
164 3184 43 28 du
224 3181 102 32 leelin,
345 3188 30 20 ta
390 3184 254 22 recounamaoee
672 3176 52 30 dei
750 3183 57 22 con

78 3224 86 27 vives
181 3223 70 27 i'e«i
267 3221 58 27 elle
352 3217 178 30 mamfeitée
553 3217 39 30 de
618 3217 31 28 la
677 3216 89 34 façon
793 3217 28 26 la

83 3263 72 37 plu»
170 3261 162 37 bruyante.

123 3304 76 28 Ton»
214 3308 54 22 noi
286 3298 215 34 compliment»
519 3305 38 20 au
568 3295 70 30 chef
651 3294 37 31 de
704 3294 117 31 l'hôtel'

77 3352 40 21 un
132 3343 63 28 wnai
214 3350 28 19 re
270 3339 135 30 homme.
433 3334 47 31 Oh
501 3333 7 31 1
536 3344 33 21 oe
596 3334 148 38 perdreau
783 3344 37 20 en

77 3384 105 28 croûte
200 3378 32 32 !..
247 3378 33 30 Si
298 3386 38 21 en
348 3386 37 20 eu
403 3380 81 24 avait
500 3374 86 30 offert
614 3376 18 27 i
659 3374 81 30 «aint
755 3372 43 31 An-

77 3423 94 33 toine,
189 3420 21 28 ii
227 3420 52 28 tût
294 3417 110 32 enbien
417 3416 38 30 de
468 3417 30 27 la
527 3422 89 30 peine
648 3415 17 28 à
696 3422 37 21 ne
762 3422 53 28 pas

80 3459 194 30 ■nooombsr.

119 3500 58 31 Le*
194 3500 96 28 ttbles
300 3495 113 31 étaient
423 3494 56 31 f*rt
488 3493 69 30 bien
566 3493 135 31 dreuèes
710 3500 94 21 avons

78 3549 78 21 Bout
172 3537 54 31 dit.
246 3536 139 30 Mention
399 3534 191 37 particulière
604 3536 44 26 est
677 3531 58 30 due
759 3539 59 21 aux

78 3587 122 25 menas,
219 3585 51 20 sur
283 3575 133 37 lesquels
433 3581 58 21 une
506 3574 90 35 jiune
609 3570 112 34 artiste,
738 3570 76 31 Mlle

80 3618 139 33 Crenier,
234 3622 85 21 mur
332 3617 37 27 de
385 3613 43 30 M.
445 3612 139 34 Grenier,
601 3609 123 31 l'habile
735 3619 67 20 cons-

77 3663 138 26 tructeur
230 3663 35 22 ae
283 3653 157 30 machines
457 3652 158 35 agricoles,
639 3650 83 30 avait
749 3650 69 38 jeté,

79 3699 20 28 à
113 3698 32 30 la
159 3698 91 35 Japon
256 3694 61 28 ai»»
330 3693 145 37 quelque*
490 3690 92 31 fleuri
596 3691 18 27 k
628 3689 189 38 l'aquarelle.

80 3738 87 30 Nom
185 3736 107 37 garder
296 3742 54 22 jqi
367 3733 155 28 tûremenl
533 3730 133 30 letéire.
684 3737 73 22 avec
772 3737 45 22 tel

76 3776 178 39 gracieuses
272 3771 159 32 brindilles
446 3770 195 30 d'avoine*...
657 3767 50 32 On
722 3770 78 34 aéga-

78 3819 113 28 ieuitnl
211 3816 156 33 beanooup
384 3810 146 38 applaudi
546 3808 115 38 quand,
687 3809 18 28 &
733 3811 27 25 la
777 3807 41 31 fia

77 3857 43 30 du
138 3865 98 28 repai,
256 3852 45 32 M.
318 3852 31 31 le
364 3850 154 38 président
537 3857 19 20 a
583 3849 144 28 reoaerciô
744 3847 74 31 Mlle

74 3896 133 31 Grenier
224 3895 37 28 de
276 3901 33 21 aa
335 3892 178 30 charmante
537 3888 149 31 attention
719 3895 39 22 en
787 3887 31 30 la

77 3935 154 31 félicitant
252 3933 40 30 de
302 3940 57 21 sou
373 3931 103 30 talent.

117 3974 50 30 Au
174 3976 204 34 Champagne,
391 3969 53 31 des
458 3971 92 27 toasts
563 3971 65 26 sont
640 3967 35 32 de
692 3966 123 37 rigueur

74 4020 32 26 et
119 4015 46 30 M.
185 4013 129 35 Lecocq,
330 4009 167 40 président,
513 4015 92 22 ouvre
615 4007 27 28 le
657 4009 59 27 (eu.

120 4054 26 30 H
177 4055 145 28 remercie
352 4051 41 28 les
420 4046 163 32 lotabiltés
608 4046 52 37 qui
681 4049 52 27 ont
750 4045 67 31 bien

77 4096 96 27 voulu
195 4091 149 38 répondre
359 4091 18 27 k
392 4088 112 37 l'appel
519 4085 43 31 du
575 4085 120 34 oomité,
713 4085 105 30 insiste

77 4141 76 22 avec
180 4140 59 22 une
263 4131 83 30 farce
359 4131 31 31 tl
405 4136 58 21 une
488 4127 129 37 justesse
634 4124 37 31 de
687 4131 57 24 vue
759 4124 58 28 très

77 4176 83 27 natte
185 4180 52 21 sur
265 4172 30 30 la
324 4167 149 34 néoeaiilé
498 4165 91 31 d'une
612 4165 104 33 union,
733 4165 84 28 aussi

76 4212 109 31 étroite
196 4219 59 30 que
270 4211 144 38 possible,
436 4208 52 30 des
504 4209 222 30 commerçant*
744 4212 74 30 pour

77 4252 32 30 la
125 4252 123 30 défense
263 4253 52 27 des
344 4248 123 31 intérêts
496 4245 41 32 du
563 4251 170 25 oommuroe
750 4251 51 22 ren-

76 4291 72 30 nais
161 4302 6 24 ;
194 4294 28 26 et
239 4293 118 26 montre
371 4296 69 31 que,
457 4287 37 30 de
510 4286 79 38 plus,
607 4284 21 30 il
653 4287 45 27 est
723 4281 81 32 indls

76 4330 150 38 pensable
240 4337 58 30 que
313 4330 43 30 les
372 4328 224 33 commerçants
622 4323 97 30 (oient
733 4322 84 30 aussi

77 4369 174 31 nombreux
266 4376 58 30 que
351 4367 146 39 possible,
522 4367 44 28 les
594 4362 144 39 pouvoirs
764 4370 35 28 pu-

77 4409 78 30 blics
171 4416 39 21 ne
224 4407 197 38 l'inquiétant
436 4406 93 38 guère
543 4411 58 30 que
615 4402 51 33 des
683 4401 122 31 rerendi

78 4449 119 28 cations
226 4448 53 30 des
302 4454 131 30 groepes
450 4444 171 31 nombreux
635 4446 27 26 et
678 4440 125 38 discipli-

76 4491 67 28 nés.
172 4487 26 30 Il
227 4487 59 30 cite
313 4485 83 32 enfin
425 4485 51 30 des
504 4483 156 33 réformes,
700 4481 71 28 telle
789 4481 30 28 la

74 4528 126 30 révisoe
217 4530 39 26 cle
269 4527 32 28 la
315 4525 41 31 loi
372 4525 53 30 des
451 4527 149 34 patentes,
628 4522 72 28 dont
716 4520 22 28 il
752 4520 65 28 faut

76 4567 187 39 poursuivre
278 4566 30 28 la
331 4564 178 31 réalisation
523 4566 28 27 et
567 4563 120 37 espéier
702 4569 58 28 que
776 4559 41 31 les

74 4609 70 30 élus
161 4607 40 28 du
217 4606 222 31 département,
451 4607 27 26 et
494 4610 37 22 en
547 4600 177 39 particulier
735 4599 44 31 M.
791 4600 27 28 le

76 4649 144 28 sénateur
247 4644 136 34 Pinault,
409 4651 38 22 ne
475 4642 169 31 refuseront
671 4648 54 30 pas
754 4641 65 28 leur

77 4685 61 30 bon
154 4693 162 22 concours.

118 4724 50 31 On
189 4723 165 39 applaudit
379 4723 18 28 à
413 4726 63 26 loo<
500 4729 123 30 rompre
643 4723 31 30 et
693 4719 33 31 M
767 4717 34 31 Pi-

78 4766 91 31 nault
185 4763 128 38 répand.
331 4761 26 31 Il
374 4770 32 21 ae
422 4761 44 31 dit
480 4761 59 30 fort
567 4761 136 30 heurenx
719 4759 38 31 de
788 4766 30 22 ie

76 4809 125 26 trouver
216 4812 40 21 au
272 4804 107 28 milieu
397 4802 53 30 des
464 4807 224 28 commerçants
713 4804 27 26 et
769 4796 30 32 in-

78 4844 146 31 dustriels
240 4843 74 30 dont
328 4843 22 28 il
364 4845 56 30 est,
436 4846 30 25 et
491 4841 175 34 s'ooeupara
692 4839 37 30 da
752 4843 51 26 ton

886 156 43 22 in
945 152 80 27 leur*
1043 154 256 32 reveudicauom,
1317 158 191 22 uoummeui
1532 154 38 28 de
1596 155 30 26 la

886 189 136 31 réTiiion
1038 190 51 30 de*
1107 194 135 32 patente*
1258 197 28 22 et
1299 191 39 31 de
1350 191 30 28 la
1394 189 143 38 queiiion
1572 190 52 30 de»

887 229 118 38 acquit*
1022 230 18 28 à
1052 230 133 28 caution.
1205 227 26 31 Il
1248 230 129 30 termine
1403 237 37 21 en
1468 229 113 31 butant
1607 233 18 27 A

887 269 30 27 la
932 269 165 37 proipérité
1110 267 43 31 du
1183 276 171 24 commerce
1381 269 123 30 rennaii
1530 275 28 25 cl
1580 278 45 24 en

888 308 215 37 poillivemenl
1116 308 137 31 acclamé
1267 317 56 27 par
1338 308 43 31 le*
1397 308 155 37 cenvivei,

927 347 80 31 Cen
1020 356 38 21 an
1070 352 66 25 toar
1149 347 39 31 de
1204 347 45 31 M.
1266 347 215 32 Lemarcbaad
1509 348 52 37 qui
1587 357 39 24 en

887 396 60 22 une
961 393 102 24 couru
1077 387 169 31 alleontion
1261 387 145 32 remeroie
1422 386 45 30 M.
1483 386 44 32 Le
1540 387 85 39 Cecq

888 432 28 25 el
931 429 84 35 parle
1036 433 37 22 eu
1101 428 165 30 excellent!
1297 432 107 25 urmas
1434 426 38 31 de
1499 426 128 32 l'œuvre

889 467 51 30 dei
956 465 156 39 apprenti*
1129 467 72 30 dont
1218 475 76 22 nom
1310 474 94 22 aveni
1420 471 141 26 anoouoé
1591 468 31 30 la

888 506 168 30 fondation.
1071 511 15 20 «
1104 504 51 31 Un
1170 504 198 33 intellectuel,
1384 504 45 30 dit
1455 513 40 24 en
1521 507 85 30 termi-

892 550 71 24 uanl
979 543 43 30 M.
1038 543 226 32 Lemaroband.
1281 543 93 31 diiail
1403 544 17 28 à
1444 553 60 24 une
1520 546 89 30 diilri

892 583 103 30 bation
1011 582 37 31 de
1064 583 69 37 prix
1149 593 7 21 :
1175 592 14 20 «
1208 583 102 31 Faite*
1326 593 74 19 vou*
1428 582 53 32 de*
1509 583 116 32 ouiuei

888 622 260 32 meiiemoiiellei
1165 631 26 20 ».
1211 622 85 31 Nou*
1312 622 104 30 diiou*
1444 632 90 27 dou«,
1566 633 59 21 aux

888 663 168 38 apprenti*,
1074 669 15 21 «
1106 663 90 31 faite*
1212 664 52 30 dei
1290 670 137 24 ouvrier!
1455 663 119 32 habiiei
1599 670 27 24 et

888 702 52 30 de*
957 703 135 37 oileyen*
1109 703 131 30 dévoué*
1256 711 39 20 au
1312 710 85 30 pay*.
1416 709 14 20 »

927 739 46 31 Oj
990 739 56 31 fait
1061 741 58 31 (61e
1140 743 18 28 à
1179 742 152 32 l'orateur,
1350 745 27 26 el
1393 741 105 38 quand
1514 742 43 31 lei
1571 751 56 28 ap-

891 781 256 31 D'audtiiemaali
1174 784 52 27 enl
1253 783 94 31 cetté,
1364 781 72 31 c'e*i
1465 782 27 30 le
1508 787 66 25 lour
1590 783 37 28 de

891 819 43 31 M.
967 819 182 35 Delalaode,
1168 820 156 37 président
1349 820 41 30 du
1419 821 136 30 tribunal
1590 822 37 28 de

888 867 182 22 oommerce.
1089 859 46 30 En
1150 867 41 21 un
1208 859 110 37 speeoh
1346 859 53 31 dei
1427 861 104 28 mieux
1545 865 65 25 tour-

888 900 64 33 né*,
970 898 22 31 il
1019 896 107 39 profile
1154 896 37 32 de
1209 898 165 31 l'oe»!ion
1390 900 53 35 qui
1459 900 44 28 lui
1518 904 44 26 eil
1583 899 30 30 of

888 938 74 30 ferle
990 938 37 30 de
1054 937 185 38 l'expliquer
1267 938 113 30 devant
1403 939 52 28 dei
1476 946 128 21 commer-

889 980 97 32 cial*,
1005 985 74 28 pour
1095 977 66 30 leur
1181 977 77 30 taire
1284 978 126 28 toucher
1430 978 43 28 du
1499 977 83 37 doigt
1597 978 30 28 la

889 1016 175 34 différence,
1097 1019 66 33 trop
1193 1017 170 30 méconnue
1391 1025 56 28 par
1481 1016 143 34 oertaim,

891 1063 83 22 entre
1012 1064 41 20 un
1083 1055 133 30 tribunal
1246 1055 38 31 de
1315 1064 171 21 commerce
1514 1058 27 26 el
1566 1063 60 21 une

889 1094 145 31 ohambre
1064 1094 39 31 de
1128 1103 182 21 commerce.
1328 1094 70 31 Une
1419 1094 146 31 chambre
1590 1095 38 30 de

889 1142 171 22 commerce
1075 1137 44 26 eit
1133 1134 77 30 libre
1225 1134 37 30 de
1277 1142 47 21 le*
1338 1134 164 33 décitiom,
1518 1142 43 21 un
1577 1135 35 28 tri

891 1173 92 31 bunal
997 1173 38 31 de
1049 1182 170 20 oommeroe
1233 1176 44 26 eil
1298 1173 100 37 obligé
1411 1173 38 30 ds
1461 1181 31 21 1e
1507 1174 102 28 confor-

892 1221 63 20 mer
983 1214 17 27 à
1028 1214 31 27 la
1084 1212 52 34 loi,
1155 1215 74 27 oeite
1257 1212 41 30 lui
1319 1212 45 30 fût
1378 1213 60 30 elle
1453 1213 116 37 inique.
1589 1212 38 31 El

892 1252 44 30 M.
954 1252 169 30 Oelalande
1136 1252 54 28 fait
1206 1252 151 30 entrevoir
1371 1251 74 31 d'un
1462 1258 63 24 mot
1541 1261 64 20 com-

892 1291 69 32 bien
980 1293 46 28 eit
1052 1290 119 38 ingrate
1199 1291 30 28 la
1253 1290 90 32 tâche
1365 1290 53 32 dei
1446 1291 87 38 jugei
1560 1291 64 38 qui.

891 1332 89 33 aprè*
1007 1331 117 34 chaque
1152 1330 167 37 jugement,
1335 1335 69 26 ion!
1427 1332 18 27 à
1470 1339 58 30 peu
1558 1331 67 37 prèi

893 1371 64 27 iûri
973 1370 40 27 du
1030 1370 213 28 reuentimenl
1259 1371 40 27 du
1315 1370 122 34 vainou,
1454 1378 71 21 lam
1553 1378 54 27 pou-

891 1410 66 28 voir
985 1413 135 32 eompler
1149 1417 51 21 mr
1234 1410 31 28 la
1302 1410 255 28 reconnainanoe
1584 1409 41 28 du

892 1450 169 35 vainqueur
1076 1448 52 38 qui
1142 1456 39 22 ne
1195 1452 106 27 trouve
1316 1448 111 35 j&maii
1442 1456 33 20 1a
1499 1448 126 30 violeire

891 1496 83 21 ancz
1000 1489 193 34 complète...
1212 1488 80 32 Bref,
1312 1487 45 28 M.
1376 1487 169 30 Delalande
1567 1491 43 27 ler-

891 1528 83 30 mine
987 1534 38 22 <?n
1051 1528 115 30 bavant
1180 1534 40 22 au
1234 1526 167 37 vingtième
1415 1526 210 32 anniveriaire

889 1567 38 30 de
947 1567 32 28 la
994 1565 130 32 Société.

928 1606 50 31 On
992 1606 163 37 applaudit
1169 1606 18 27 à
1201 1609 64 26 tout
1280 1613 120 30 rempre
1416 1613 34 21 ce
1463 1605 66 31 bref
1557 1605 50 30 dis-

889 1654 89 22 eoun
994 1645 83 38 plein
1094 1645 37 31 de
1146 1652 90 24 verve
1250 1649 28 27 el
1292 1645 125 38 d'esprit
1431 1649 30 27 et
1488 1645 27 31 le
1545 1645 60 38 plai-

889 1690 70 26 ■anl
972 1684 128 31 inoeède
1115 1693 38 21 au
1169 1684 113 32 sévère.
1307 1683 45 30 M.
1383 1684 111 34 David,
1525 1685 87 37 repré

891 1730 119 25 ■entant
1025 1724 38 31 de
1084 1731 182 27 commciee,
1297 1724 110 30 chante
1436 1731 77 31 ponr
1544 1733 59 21 com-

891 1772 131 26 mencer,
1039 1772 60 24 une
1116 1772 144 24 romance
1274 1763 73 31 d'un
1364 1767 67 26 lour
1448 1763 175 35 charmant,

891 1805 52 37 qui
957 1807 28 27 le
1005 1802 56 32 fail
1087 1804 158 38 beauooup
1273 1802 167 39 applaudir
1456 1813 7 26 ;
1494 1802 44 31 M.
1567 1802 38 32 Ri-

888 1843 91 39 gand,
998 1852 41 22 un
1056 1843 37 32 de
1107 1852 57 22 noi
1176 1843 164 35 eonfrèrei,
1371 1843 45 32 dit
1429 1851 73 22 aveo
1532 1843 74 31 beau-

888 1892 78 27 coup
981 1883 37 31 de
1045 1891 90 22 verve
1162 1892 41 20 un
1231 1885 183 34 monologue
1441 1881 125 31 débridé
1581 1880 44 31 Ce

888 1923 77 30 n'tti
976 1932 57 27 pa*
1049 1920 58 32 bon
1120 1926 30 26 el
1165 1923 19 30 Y
1187 1919 138 32 Histoire
1342 1920 38 32 de
1408 1919 214 39 Maiborough

888 1967 104 25 contte
1002 1971 60 26 par
1077 1970 59 21 une
1149 1959 152 39 anglaisl.

928 2002 45 30 M.
1004 2002 136 34 Guillon,
1170 2000 131 35 tailleur,
1328 2009 77 21 noui
1430 2007 92 24 narre
1550 2008 73 22 aveo

888 2041 157 38 beaueoep
1058 2041 151 30 d'enlrain
1225 2041 30 28 la
1279 2040 191 38 déiopilanle
1496 2040 126 31 hinoire

888 2081 72 30 d'un
976 2082 145 35 pantalon
1136 2085 66 32 trop
1219 2081 80 35 long,
1318 2080 73 30 donl
1407 2082 17 26 à
1435 2080 80 30 force
1530 2079 93 31 d'être

888 2120 167 35 raccouroi,
1071 2120 22 30 t!
1109 2127 39 22 ne
1173 2124 76 26 reite
1278 2119 112 31 bienlôl
1420 2120 69 37 plui
1514 2127 59 30 que
1592 2119 30 30 la

887 2159 135 31 oelnlore
1038 2170 7 25 ;
1062 2164 38 30 el,
1117 2160 89 35 aprè*
1221 2167 58 30 que
1305 2158 44 31 M.
1369 2158 103 31 Fevril
1499 2167 18 21 a
1541 2159 64 30 vrai-

887 2204 83 26 ment
984 2199 58 30 fort
1054 2199 141 38 Joliment
1208 2206 14 20 «
1240 2200 117 37 envoyé
1369 2206 15 19 »
1400 2199 30 28 la
1443 2199 117 30 célèbre
1577 2206 31 21 ro

887 2245 109 24 manee
1007 2239 38 30 de
1061 2238 141 38 Étignon,
1218 2245 15 20 «
1247 2236 71 32 Elle
1331 2246 38 21 ne
1381 2239 120 35 croyati
1512 2245 80 28 pat..
1606 2245 15 20 »

887 2278 41 30 M.
954 2276 165 40 Coignerai
1135 2287 77 22 nom
1240 2280 100 35 régale
1364 2278 52 30 dei
1444 2278 80 30 denx
1546 2282 60 26 itro

887 2317 83 35 phei,
987 2319 38 30 de
1048 2317 154 31 Roniard.
1220 2317 76 30 Sauf
1318 2326 111 26 erreur,
1448 2317 84 30 aani
1552 2317 69 30 bien

885 2359 77 28 dite*
977 2357 125 38 qu'elle*
1114 2361 67 26 ioul
1194 2357 89 38 joliei
1298 2355 7 30 I
1319 2356 39 30 Et
1368 2356 72 32 c'en
1453 2366 39 20 au
1506 2362 67 24 lour
1584 2356 37 31 de

886 2395 43 31 M.
947 2395 97 32 Lebol
1064 2395 52 39 qui
1130 2405 21 30 y
1166 2405 38 21 va
1219 2395 91 32 d'une
1335 2396 67 31 bien
1429 2396 139 31 cnrieuie
1592 2400 27 26 el

883 2437 104 31 vieille
1011 2437 137 30 cbanien
1162 2437 40 30 du
1219 2444 74 31 payi
1319 2435 38 31 de
1385 2433 231 38 Saint-Brieuo,

885 2477 133 37 laquelle
1044 2484 18 22 a
1087 2485 43 20 uu
1152 2474 113 32 refrain
1284 2474 74 39 qu'il
1374 2474 64 31 faut
1456 2476 163 38 reprendre

882 2524 38 21 en
947 2516 116 34 chœur,
1081 2515 79 31 mail
1181 2515 22 31 il
1230 2519 44 26 etl
1299 2522 65 31 trop
1388 2517 177 35 oompliqié
1586 2524 33 21 ce

883 2555 115 30 refrain
1011 2565 7 25 ;
1036 2564 39 21 on
1090 2554 217 38 «'embrouille,
1320 2555 77 30 aide
1404 2556 59 30 rire
1478 2552 7 31 !
1504 2555 43 30 M.
1564 2555 37 30 Le-

882 2595 52 28 bot
956 2597 71 33 peut
1051 2602 32 22 1e
1103 2598 109 26 vanter
1227 2595 117 30 d'avoir
1359 2594 70 31 bien
1444 2594 111 31 diverti
1572 2603 46 21 lei

881 2635 171 28 auditeur*.

921 2673 44 30 M.
983 2673 43 30 L?
1045 2673 115 30 Colvez
1187 2673 124 31 divertit
1337 2672 177 32 infiniment
1528 2674 17 28 à
1563 2681 54 21 ion

881 2719 77 28 lour,
986 2721 37 22 ea
1048 2717 126 26 contaul
1200 2715 40 28 lei
1267 2719 163 24 aventures
1457 2713 73 28 d'an
1557 2712 59 30 bon

881 2754 124 27 raiteud
1022 2754 52 35 qui
1097 2761 37 20 va
1160 2752 65 30 voir
1250 2761 56 20 ion
1331 2753 87 28 oncle
1442 2753 18 27 à
1483 2752 90 30 Paris
1589 2757 28 24 el

880 2792 52 38 qui
947 2800 135 30 emporie
1097 2800 41 21 on
1153 2793 90 35 ooing
1259 2793 76 28 dan*
1351 2800 54 21 ion
1421 2800 115 30 panier,
1561 2800 54 21 aou

881 2833 67 33 père
963 2832 44 28 lui
1023 2838 93 32 ayant
1130 2832 217 30 recommandé
1369 2832 37 28 de
1429 2832 128 37 prendre
1573 2839 40 21 un

881 2871 66 27 onin
977 2880 74 26 pour
1078 2880 130 30 voyeger
1247 2881 38 19 eu
1312 2871 125 30 chemin
1468 2872 37 28 de
1534 2871 44 28 f<sr
1609 2881 7 25 ;

881 2910 31 27 M
941 2910 19 30 S
979 2920 70 20 mon
1063 2911 43 28 du
1116 2919 73 21 avec
1201 2920 59 21 une
1274 2911 99 28 bonne
1389 2911 131 28 humeur
1532 2919 67 21 00m

881 2956 184 25 «uuicaiive
1080 2957 60 24 une
1154 2950 103 31 vieille
1273 2952 137 28 chanson
1424 2950 41 30 du
1487 2957 73 31 pays
1578 2950 37 30 de

879 2988 100 31 Caux.

986 3037 102 28 C'était
1104 3045 48 26 par
1167 3045 39 19 un
1220 3038 64 33 jour
1298 3038 33 26 de
1343 3038 54 27 fête

986 3072 61 32 Que
1061 3072 73 35 J'alii
1150 3073 61 26 voir
1226 3072 113 28 Izabiau

878 3120 53 39 qui
944 3123 221 37 amaiedepuii
1176 3123 52 28 d*i
1244 3123 107 28 siéole»
1364 3123 30 27 la
1407 3130 89 20 varve
1508 3130 106 27 grasse

878 3163 52 27 des
945 3162 176 30 Normand»
1153 3162 37 28 Bt
1204 3162 81 30 enfin
1304 3162 46 30 M.
1374 3162 151 37 Malapsri
1541 3170 73 21 aveo

879 3202 26 28 le
920 3209 14 19 «
952 3203 142 27 tambour
1121 3202 125 33 battant,
1274 3203 142 37 musique
1436 3210 37 22 en
1500 3202 57 31 tôle
1585 3208 26 28 »,

878 3242 37 28 de
930 3241 30 30 la
983 3240 126 31 Femme
1123 3249 18 20 a
1159 3241 98 38 Papa,
1274 3241 102 32 donne
1400 3241 28 31 le
1453 3242 98 37 signal
1574 3241 40 31 du

881 3283 119 34 départ.

915 3321 48 28 Au
989 3320 84 34 total,
1100 3320 96 31 loirée
1231 3320 180 31 charmante
1443 3322 107 35 paieée
1576 3330 38 21 en

879 3359 66 31 bien
959 3360 135 31 cordiale
1108 3361 182 35 compagnie
1304 3365 28 25 el
1348 3359 74 38 qa'il
1439 3370 77 20 nous
1528 3360 83 30 larde

878 3399 34 30 de
928 3404 154 26 retrouver
1097 3399 61 30 l'an
1176 3399 158 35 preohain.
1355 3398 93 31 Entre
1465 3404 110 33 temps,
1590 3399 20 30 il

876 3448 17 19 a
907 3441 45 28 été
967 3438 54 30 fait
1036 3448 39 19 au
1093 3437 89 38 profil
1205 3441 38 28 de
1264 3442 31 26 la
1319 3446 98 22 oause
1437 3438 37 31 de
1491 3448 122 21 lecouri

876 3477 159 31 immédiat
1051 3478 125 28 décidée
1199 3487 53 28 par
1277 3478 28 28 la
1329 3487 103 28 presse
1455 3480 151 34 rennais?,

878 3519 58 28 lon
952 3517 37 30 de
1012 3527 33 20 ia
1069 3517 138 30 dernière
1222 3517 139 35 réunion,
1380 3526 59 22 une
1453 3519 90 37 qnête
1557 3519 52 37 qni

874 3566 18 20 a
906 3556 120 37 prodnil
1041 3555 38 31 64
1094 3557 38 28 fr.
1148 3555 52 31 65.

915 3621 378 31 Bacoaleuréat
1320 3622 254 31 moderne

914 3692 74 28 Sont
1004 3691 243 30 définitivement
1261 3692 102 28 admis
1380 3702 7 19 :

915 3732 91 30 Miles
1026 3731 24 30 E
1065 3732 118 30 isabeih
1206 3731 126 39 Tykm,
1351 3732 118 31 Hélène
1483 3732 128 38 Tykort,

876 3771 79 28 MM.
971 3771 104 33 MaLé,
1090 3771 149 35 Bianobo,
1250 3772 162 33 Mario.de
1424 3772 188 38 Lesseygaei

875 3810 37 31 de
937 3811 177 37 Pennayeu,
1141 3809 165 35 Jouilteau,
1333 3811 150 33 Bernard,
1509 3811 86 35 Euge

874 3855 100 32 genat,
998 3849 43 31 Le
1063 3850 215 33 Biurbouach,
1303 3850 43 30 La
1369 3852 155 31 Padelleo.
1540 3852 53 30 Via-

875 3891 54 34 las,
958 3891 145 31 Buisioa.
1131 3891 117 37 Peiget,
1277 3889 43 33 Le
1348 3891 86 35 Hire,
1463 3891 43 32 Le
1534 3891 58 31 Pou-

876 3938 73 30 pon.

913 3994 159 28 Concert
1100 3993 458 33 Saint-ViaaentdaPanl.

876 4035 85 31 Nous
983 4035 142 31 donnons
1139 4036 130 37 ei-aprèr
1298 4036 28 30 le
1357 4043 194 30 programme
1570 4035 40 31 du

875 4080 119 26 oonoert
1010 4075 52 37 qui
1078 4082 76 24 aura
1169 4076 61 30 lieu
1246 4074 124 32 demain
1381 4075 63 31 soir
1453 4075 156 34 vendredi,

874 4115 17 28 à
919 4115 66 30 huit
1013 4115 107 30 heures
1150 4119 26 26 et
1202 4114 111 34 demie,
1341 4122 38 22 au
1404 4113 91 39 profit
1522 4114 37 32 de
1581 4115 30 30 la

875 4153 117 31 Société
1007 4152 246 32 S*ial-Vincenl
1270 4153 37 31 de
1325 4152 78 32 Paul
1427 4162 8 21 :

909 4206 151 27 Première
1089 4208 113 24 paitié.
1287 4205 26 27 1.
1345 4205 151 28 F«t*(*isi*
1525 4206 72 35 ;'ipo-

874 4241 91 33 n*ite,
981 4248 67 26 pour
1065 4240 67 27 flûte
1157 4241 107 26 violon.
1280 4241 171 27 vioioacolle
1475 4244 26 25 *1
1528 4243 83 30 piano

872 4276 90 34 (MM.
984 4274 112 34 Boblin,
1122 4274 110 34 Neury.
1261 4274 104 33 Ca«t*l,
1396 4274 164 28 MoatMohi
1581 4279 27 25 et

875 4311 86 30 C.-A.
977 4310 119 32 Collia),
1110 4310 91 28 Henri
1218 4310 80 28 Luti.
1310 4309 17 27 2
1346 4318 28 20 a.
1389 4311 105 28 Contet
1504 4312 104 30 Aieins,

919 4346 26 32 1,
961 4346 128 33 Àngosta
1119 4345 130 27 Holmts.
1333 4354 18 19 b
1377 4345 27 27 L
1406 4355 12 18 a
1444 4346 57 26 Ytl
1522 4346 71 27 d'An-

874 4382 90 26 derre.
986 4383 27 24 F.
1030 4381 113 33 Haléry
1163 4381 117 34 (chanté
1294 4388 51 27 par
1359 4381 43 28 M.
1419 4380 119 37 Gaorge*
1551 4381 39 27 Du-

875 4419 79 28 rand)
980 4415 26 28 3.
1024 4416 144 27 Fantaisie
1182 4419 209 31 appautoute,
1417 4424 70 26 pour
1514 4416 96 28 violon

873 4452 44 32 (M
948 4452 118 34 Jacques
1095 4452 111 32 Nonry)
1235 4450 35 27 H.
1285 4450 202 34 Viaaxtemp*.
1515 4452 17 26 4
1559 4452 52 27 Air

874 4485 190 30 i'Hitodimde
1081 4486 116 34 (ohanté
1221 4493 48 27 par
1294 4485 72 28 Mlla
1384 4486 35 27 A.
1439 4487 129 31 Loraci),
1583 4486 26 30 J.

875 4522 151 26 Mananat.
1117 4521 158 27 Tariattou
1292 4521 223 34 tympboniques
1543 4530 69 26 peur

874 4557 167 27 violoocalle
1055 4559 27 25 at
1097 4557 84 32 piaao
1196 4556 87 32 (MM.
1300 4556 164 30 Moateeebi
1480 4559 30 26 at
1520 4556 87 31 C.-A.

874 4592 117 31 Collin),
1007 4592 33 28 L.
1057 4592 163 27 Boëilman.

908 4641 155 28 Davxitui
1078 4641 111 27 Pa»tie
1290 4638 24 28 1.
1343 4641 158 27 Deuxième
1528 4641 60 28 Noc-

874 4678 91 25 turne.
983 4684 69 25 poar
1078 4676 94 27 vielo»
1202 4674 54 33 (M.
1286 4675 25 28 J.
1337 4675 113 35 Nonry)
1491 4675 116 35 Chopin

874 4710 130 28 Sarasata
1018 4719 6 24 ;
1052 4710 30 27 S.
1124 4710 148 28 Comment
1312 4710 167 35 Guingamp
1513 4720 96 18 saura

874 4746 113 27 Santés
1013 4744 104 34 (1437),
1147 4748 106 32 paèwe,
1281 4744 130 27 Frédéric
1446 4746 164 35 Laguyader

873 4781 56 33 (M.
943 4782 141 32 Trévédy)
1096 4791 7 24 ;
1117 4780 30 28 S.
1161 4781 54 27 Air
1225 4781 33 27 da
1269 4781 28 28 la
1306 4780 77 30 Jolie
1391 4780 60 34 fille
1461 4781 35 28 Ae
1508 4781 99 34 PerJh,

873 4817 25 28 G
926 4817 79 31 Bizet
1018 4817 46 34 (M
1091 4817 35 27 G.
1143 4817 148 31 Daraad);
1306 4815 27 28 4.
1349 4825 18 19 a
1393 4817 120 27 Riterie
1517 4838 6 11 ,
1540 4825 69 25 pour

873 4853 176 26 vialonoalla,
1067 4852 25 27 R
1119 4852 182 27 Sohumann.
1364 4860 17 19 b
1409 4852 84 27 Pièce
1507 4860 90 19 carac

1681 157 157 27 lemitque,
1874 150 119 28 Ma'ku»
2022 151 54 31 (M.
2109 151 168 33 Moolecotii)
2291 158 8 25 ;
2333 154 27 26 5.
2389 163 30 19 A.

1683 184 122 30 L'Aveu,
1824 183 32 30 L.
1873 184 34 28 do
1922 185 124 30 Romeie
2065 184 86 34 (MU*
2167 184 129 34 Lorani).

1716 220 73 32 (Une
1817 220 84 35 qulle
1926 229 60 21 un
2015 222 69 28 faite
2106 228 37 22 BB
2167 222 84 33 profil
2278 222 46 28 dei
2355 233 50 27 pau-

1683 256 84 31 vre*).

1721 304 45 32 M.
1783 302 97 32 Heari
1905 302 86 39 Lâii,
2009 306 74 33 dont
2106 315 78 22 aoai
2198 315 97 24 aroai
2319 308 45 33 dit
2379 320 41 22 un

1683 348 61 26 mol
1760 344 107 30 l'autre
1881 345 78 37 jonr,
1974 352 44 25 e*l
2035 356 41 22 un
2096 346 91 39 jeane
2215 351 207 34 eompoiiteur

1681 384 43 30 da
1737 384 70 37 plas
1819 384 99 37 grand
1933 386 117 31 avenir.
2068 389 57 28 Les
2135 391 138 26 conceUi
2288 389 111 32 Lamou-

1682 430 74 24 reax
1770 430 54 22 ont
1840 423 103 32 donné
1957 424 39 32 de
2009 426 45 30 Ini
2076 426 176 34 dimanche,
2278 428 18 30 à
2320 430 98 35 Pari»,

1683 470 58 21 une
1757 459 104 31 SttUa
1881 463 70 38 qu'a
1965 463 130 33 okantée
2122 464 85 33 Mme
2236 467 130 31 Pollaok
2392 475 30 26 el

1682 502 52 37 qui
1747 509 19 21 a
1780 501 113 32 obtenu
1910 503 67 35 pièi
1991 503 54 32 dei
2061 508 217 28 conaaliieuri
2295 515 41 21 un
2352 517 45 21 mo-

1682 541 48 28 oè*
1746 541 224 33 oomidérable.
1988 542 47 32 Oj
2048 554 78 20 doui
2140 544 67 31 dira
2220 544 53 31 dei
2291 548 111 30 nouvel-

1683 581 41 27 le*
1741 579 37 30 de
1793 588 34 20 ea
1854 580 162 33 Faniati*
2037 582 103 39 Japon
2146 593 15 20 a
2176 593 40 20 st.
2250 585 80 30 MM.
2363 587 39 31 Bo-

1684 619 71 30 blin,
1782 619 187 38 Montecchi,
1985 622 119 39 Noury,
2137 625 99 30 Cabin
2262 628 28 26 el
2317 625 104 32 Catlul

1682 663 69 25 sont
1765 659 44 28 le*
1824 659 207 39 impecoablei
2047 665 118 30 artiile*
2185 672 58 30 que
2259 667 63 27 tout
2339 665 60 32 Rsu-

1683 705 52 22 nei
1757 699 105 31 artiile
1878 704 125 27 oonnali
2017 706 28 26 el
2061 711 38 22 ne
2114 711 31 24 *e
2160 704 81 30 laito
2257 711 54 30 pai
2336 704 69 32 d'en-

1682 736 115 32 tendre.
1815 737 105 35 Qaanl
1935 743 17 26 t
1968 739 34 31 M
2030 742 131 39 Georgei
2183 743 141 34 Durand,
2350 743 71 33 c'eil

1682 781 46 26 oei
1742 777 105 32 artiile
1861 788 60 27 qae
1938 780 45 30 M.
2009 781 38 31 de
2074 781 124 32 Leitrao
2225 790 38 22 en
2287 782 81 33 Irain
2383 784 38 32 de

1681 815 77 31 faire
1773 816 41 31 do
1831 817 116 31 théâtre
1959 820 37 28 de
2009 820 125 32 Rennei
2148 829 59 24 une
2220 822 53 30 dei
2289 824 131 37 granùei

1683 855 104 30 icèuei
1801 856 37 31 de
1854 859 155 35 province,
2027 868 18 20 a
2063 868 35 21 m
2121 861 138 38 diipuler
2272 861 19 30 à
2317 861 90 39 l'Opé

1683 902 32 20 ra
1731 893 151 40 Cemiqne
1898 898 37 31 de
1952 896 98 32 Parii.
2068 899 92 32 Point
2173 900 77 32 n'eil
2278 901 53 30 dèi
2360 902 60 30 lori

1684 933 103 31 besoin
1804 934 165 32 d'iniiiler.
1987 937 45 30 La
2048 939 76 31 aalle
2147 939 53 31 dei
2231 939 98 37 Fêles,
2347 950 57 22 ven-

1683 972 85 32 dredi
1783 974 72 34 loir,
1876 984 66 21 lera
1957 977 130 31 eomble.

1722 1024 230 40 Nécrologie.
2033 1029 90 31 Nom
2148 1038 97 24 avoni
2271 1032 28 31 le
2324 1038 97 33 regret

1683 1063 204 39 d'apprendre
1902 1068 31 27 la
1961 1071 79 26 mort
2065 1069 41 30 da
2130 1069 156 40 diningaé
2311 1071 93 32 biblio-

1683 1103 132 32 thécaire
1831 1106 119 37 adjoint
1965 1108 37 30 de
2017 1113 85 26 uotre
2119 1108 217 41 Bibliothèque
2354 1122 45 19 mu-

1683 1144 142 37 nicipale,
1854 1144 46 31 M.
1926 1143 117 37 Aubin,
2072 1154 79 25 mort
2174 1149 19 30 à
2217 1149 78 38 l'âge
2317 1152 38 31 de
2383 1152 38 31 59

1683 1192 67 21 ani.

1722 1222 54 30 Sei
1792 1221 149 40 obièques
1956 1230 104 27 teronl
2075 1227 151 32 célébrées
2242 1238 33 24 ce
2290 1232 97 31 malin
2402 1232 19 30 à

1682 1260 38 30 10
1734 1263 109 30 heurei
1858 1272 39 21 en
1913 1264 115 38 l'église
2043 1265 87 33 Saint
2147 1267 149 32 Sauveur.

1721 1316 58 31 Un
1792 1320 145 30 succès.
2004 1322 46 31 M.
2066 1323 155 33 Oberlhùr
2235 1326 83 31 vienl
2335 1326 69 31 d'ob-

1682 1357 78 31 tenir
1775 1368 39 20 au
1830 1369 149 21 conconri
1991 1363 39 30 de
2053 1362 265 37 Chryiaajhèmei
2334 1368 52 35 qui
2402 1375 18 20 a

1681 1403 38 24 ea
1753 1397 63 31 lieu
1848 1402 187 30 récemment
2066 1402 18 28 à
2114 1402 86 31 Pari*
2224 1414 60 21 ane
2302 1406 118 35 grande

1682 1436 144 32 médaille
1840 1439 77 31 d'or.
1933 1440 83 31 C'eit
2030 1441 32 28 là
2076 1449 41 22 an
2140 1444 105 28 inocèi
2261 1453 59 28 que
2342 1454 77 21 nom

1682 1482 133 25 ■ommei
1841 1479 135 30 heureux
2009 1480 224 38 d'enregiilrer.
2269 1483 150 38 Ajeutoni

1681 1521 59 31 que
1755 1518 59 27 trèi
1828 1519 256 35 graoieaiemenl,
2106 1525 86 27 notre
2220 1525 200 35 compatriote

1681 1561 18 21 a
1713 1554 89 31 offert
1815 1558 18 27 à
1848 1557 86 31 Mme
1949 1557 119 32 Loub.t
2083 1559 78 30 deux
2178 1561 113 31 cainei
2317 1569 85 25 conte-

1681 1599 76 25 nant
1770 1594 38 30 de
1831 1596 217 39 giganleiquei
2063 1598 86 38 piedi
2177 1600 71 37 âgé*
2274 1602 38 32 de
2340 1603 79 31 deax

1681 1641 57 22 ani
1750 1638 30 26 et
1795 1635 92 35 demi,
1905 1636 73 31 dont
1993 1637 65 31 l'an
2074 1643 85 32 porte
2174 1638 57 31 160
2245 1642 103 30 fieari.

1719 1683 235 33 Instruction
1985 1688 190 39 pabliqnt».
2269 1694 44 30 M.
2346 1695 54 30 Por-

1681 1724 83 37 cher,
1781 1728 109 30 ancien
1906 1729 109 31 maître
2029 1729 197 34 élémentaire
2255 1741 40 22 an
2320 1734 99 38 Lyoée

1681 1765 37 30 da
1733 1765 137 37 Rennei,
1884 1768 18 28 à
1917 1768 30 30 la
1961 1768 135 33 retraite,
2122 1774 45 26 eil
2196 1774 126 30 nommé
2346 1780 54 32 pro

1680 1804 116 32 ftsieur
1809 1806 163 33 honoraire
1990 1818 7 20 :
2014 1807 45 32 M.
2075 1807 99 38 Jono,
2203 1811 155 33 bachelier
2381 1814 38 31 da

1680 1843 253 40 l'emeignemenl
1956 1847 146 32 moderne
2132 1847 124 38 (lettrei,
2285 1852 119 38 phiieio

1681 1884 93 35 phie),
1791 1885 163 35 répétiteur
1968 1897 41 20 aa
2037 1889 117 37 collège
2181 1890 37 31 de
2245 1891 155 33 Stint-Ser-

1680 1930 70 26 van,
1765 1928 45 27 eit
1822 1925 112 38 chargé
1964 1928 18 28 à
2014 1926 70 31 litre
2111 1929 38 30 de
2184 1931 165 37 inppléanl
2363 1932 53 31 dei

1678 1961 154 33 fonotieni
1848 1964 37 31 de
1900 1967 163 37 répétiteur
2080 1965 43 38 (8*
2135 1969 98 34 ordre,
2252 1969 31 31 5*
2307 1970 109 39 olane)

1678 2010 39 20 au
1731 2002 100 39 Lycée
1845 2003 37 32 de
1896 2004 135 35 Lorienl,
2048 2008 136 34 pendant
2210 2009 30 30 la
2268 2009 92 32 dorée
2375 2011 41 30 du

1678 2047 94 31 congé
1783 2043 129 31 accordé
1926 2044 78 31 àM.
2019 2044 100 39 Jouy;
2152 2047 45 31 M.
2222 2048 44 32 Le
2293 2049 122 37 Mattre,

1680 2080 152 32 baohelier
1847 2082 37 31 de
1898 2085 253 38 l'emeignemenl
2166 2087 155 39 olaisique
2350 2089 52 37 (let-

1678 2124 70 32 tre!,
1767 2121 219 40 philoiophie),
2004 2126 163 38 répélilear
2183 2135 39 21 au
2238 2128 116 39 ooliège
2378 2130 38 31 de

1680 2159 162 39 Fougèrei,
1858 2166 46 27 eil
1919 2165 125 31 nommé
2059 2165 163 39 répétiteur
2238 2165 41 39 (2«
2309 2170 105 35 ordre,

1723 2199 122 39 clane),
1861 2211 40 21 an
1931 2203 99 37 Lyoee
2056 2205 38 30 de
2122 2205 87 32 Saint
2226 2207 120 35 Brieuo,
2378 2217 38 22 en

1678 2241 239 37 remplacement
1948 2243 38 31 de
2016 2243 46 30 M.
2088 2243 41 32 Le
2156 2244 77 40 Coq,
2263 2249 110 37 appelé
2399 2250 17 27 à

1678 2278 131 32 d'antrei
1828 2281 154 33 fonolioni
1997 2293 7 26 ;
2035 2293 41 22 nn
2105 2288 96 34 eongé
2228 2274 188 45 d'inactivité

1677 2324 43 24 en
1734 2322 128 28 accordé
1877 2329 52 22 inr
1945 2330 33 21 la
2007 2322 163 38 demande,
2200 2327 18 27 à
2246 2327 43 28 M.
2317 2327 96 33 Bord,

1677 2360 162 37 répétiteur
1852 2368 40 22 au
1907 2361 116 38 collège
2037 2362 38 31 de
2089 2362 223 34 Saint-Servan
2328 2376 6 25 ;
2369 2367 44 30 M.

1676 2396 97 35 Jono,
1794 2400 152 31 bachelier
1962 2401 38 31 de
2023 2401 253 39 l'enieignemenl
2298 2406 98 31 moder-

1676 2446 38 21 ne
1729 2437 124 38 (lettre*,
1873 2440 281 38 mathématique*),
2174 2445 164 37 répétiteur
2355 2452 44 24 sta-

1676 2478 94 35 giaire
1786 2486 40 22 ai
1840 2480 116 37 ooliège
1967 2481 38 30 de
2020 2480 222 34 Saint-Servan
2256 2490 44 25 sit
2324 2494 67 22 nom-

1678 2518 48 28 mé
1742 2519 164 35 répétiteur
1920 2519 87 31 audit
2022 2523 129 37 collège.

1711 2569 149 31 Société
1890 2570 275 33 d'lnstruction
2200 2576 211 38 populaire,

1728 2610 44 31 La
1786 2611 197 31 diilribulion
2003 2614 53 30 dei
2081 2622 67 30 prix
2172 2616 38 30 de
2237 2620 28 26 la
2296 2615 119 34 Société

1675 2649 219 32 d'lnstruction
1919 2653 161 35 populaire
2101 2662 74 21 aura
2197 2656 63 31 liea
2274 2657 89 30 lundi
2376 2659 39 28 25

1676 2691 172 35 novembre,
1867 2693 17 26 à
1899 2691 20 31 8
1933 2693 107 30 heurei
2056 2693 40 28 du
2111 2693 71 34 toir,
2199 2694 78 32 dam
2293 2696 31 30 la
2339 2700 77 28 salie

1674 2728 52 31 de*
1749 2727 73 32 fêtes
1851 2732 41 27 du
1918 2731 107 38 Lycée.
2052 2732 87 31 Nvas
2163 2734 177 38 publierons
2363 2738 33 30 de-

1677 2769 81 30 main
1785 2772 28 26 le
1837 2778 195 30 programme
2055 2772 41 31 du
2120 2778 122 27 concert
2268 2776 53 38 qui
2348 2785 65 22 sera

1674 2809 103 30 donné
1792 2811 18 26 à
1825 2816 76 24 cette
1915 2812 155 31 occasion.

1714 2859 183 33 Réunion.
1980 2864 58 30 Le»
2065 2874 130 22 zouaves
2224 2868 189 38 pontJfloaox

1674 2907 27 25 et
1716 2902 44 30 le»
1778 2903 183 31 volontaire»
1976 2904 38 30 de
2028 2903 118 33 l'Oueit
2161 2906 98 32 fereut
2282 2913 32 26 cé
2329 2910 84 28 ébrer

1675 2946 26 25 le
1716 2941 87 30 lundi
1819 2942 18 28 2
1852 2943 162 30 déoembre
2030 2953 59 22 une
2108 2954 98 22 metne
2231 2948 181 35 toleiinelie,

1675 2983 15 24 i
1709 2981 52 28 dix
1778 2982 107 28 heure»
1902 2988 27 24 et
1943 2983 111 34 demie,
2072 2992 38 21 en
2135 2983 30 31 la
2192 2986 142 38 chapelle
2362 2988 50 30 de»

1676 3018 246 38 Millionnaire»,
1941 3031 53 22 rue
2021 3024 38 30 de
2088 3024 163 39 Fougère»,
2269 3028 19 27 à
2304 3026 94 30 l'occa

1675 3059 65 30 'ion
1767 3060 37 30 de
1832 3061 233 32 l'anniversaire
2091 3064 37 31 de
2151 3069 31 26 la
2217 3066 124 32 bataille
2378 3066 35 32 de

1674 3097 133 38 Loigoy.

1710 3137 99 40 Aprét
1832 3141 28 28 la
1878 3148 106 27 mene,
2001 3150 40 22 an
2068 3142 145 39 d*j*uner
2243 3154 56 28 par
2328 3154 70 22 tous

1672 3180 130 34 oript'on
1819 3178 30 38 (4
1863 3180 115 39 franc»)
1995 3189 66 24 tara
2076 3182 90 37 servi,
2178 3185 18 27 à
2211 3185 77 30 midi
2303 3188 106 32 préoia,

1672 3221 17 26 à
1704 3219 113 31 l'Hôtel
1841 3220 159 30 Moderne.

1711 3270 171 39 Muaiqu»
1897 3270 51 30 du
1962 3272 54 31 41
2028 3280 19 25 •.
2122 3274 43 31 La
2193 3278 143 38 maiique
2370 3279 40 31 du

1737 3320 30 20 »e
1782 3312 63 30 fera
1859 3313 148 30 entendre
2031 3315 197 37 aujourd'hui
2263 3318 93 35 jeodi,
2375 3320 35 30 de

1671 3350 17 28 3
1703 3353 18 26 à
1741 3352 19 27 4
1773 3352 118 37 heurai,
1910 3361 39 20 au
1962 3353 135 35 l'habor,
2114 3363 74 24 avec
2204 3357 28 31 le
2249 3365 142 30 program-

1674 3399 46 20 me
1734 3392 124 28 suivant
1873 3400 9 20 :

1706 3441 25 27 1.
1760 3441 131 37 Gayaut,
1920 3452 50 25 pas
2010 3445 141 27 redoubla.
2181 3446 151 35 Tolleejne
2344 3456 8 24 ;
2383 3449 26 26 ï.

1671 3476 142 30 Entr'aote
1840 3480 33 25 de
1902 3480 27 26 la
1958 3480 145 33 Cêlombe,
2133 3480 119 30 ttouaod
2264 3490 7 24 ;
2301 3482 26 27 J.
2361 3483 48 30 Ma

1672 3511 98 27 Reine.
1796 3514 79 27 val««
1920 3513 54 30 Ch.
2008 3515 85 28 Coete
2106 3523 7 25 ;
2143 3516 26 26 4.
2200 3517 210 35 L'arUuenne,

1670 3547 143 32 fantaisie,
1861 3548 79 30 Bizet
1961 3557 8 25 ;
2015 3550 126 27 Marche
2186 3552 155 33 Ltrraine,
2375 3554 32 28 L.

1669 3580 115 30 Gants.

1709 3630 221 39 Exposition
1944 3631 50 30 du
2011 3633 124 30 Palais
2153 3633 129 40 Rayai.
2353 3637 51 32 Ua

1669 3670 38 31 ds
1724 3681 53 18 LOI
1792 3674 207 35 concitoyens,
2017 3673 44 31 M.
2087 3673 28 32 J.
2153 3676 73 34 BOJ,
2254 3677 138 37 pâiisiior-

1669 3710 161 31 conflieor.
1850 3720 52 20 rue
1929 3712 219 35 Bjaumanoir,
2178 3722 31 24 n'
2236 3716 26 34 1,
2287 3725 104 21 succès-

1670 3759 67 20 «iur
1754 3752 37 28 de
1804 3750 45 30 M.
1869 3752 124 33 Piraud,
2011 3754 83 31 vital
2109 3754 158 37 d'obtenir,
2285 3757 19 28 à
2320 3757 71 28 l'Ex-

1671 3790 131 35 position
1830 3791 235 31 internationale
2098 3793 43 31 du
2164 3794 241 39 Palais-Royal,

1669 3839 41 20 un
1726 3829 136 37 diplôme
1874 3830 37 31 de
1928 3831 143 32 médaille
2086 3831 76 37 d'or,
2178 3842 74 22 avec
2278 3836 115 28 feticita-

1670 3869 77 30 tioni
1761 3869 39 28 du
1814 3868 87 40 Jury,
1924 3879 76 25 pour
2020 3879 46 22 lei
2092 3873 175 37 spécialités
2293 3876 35 28 d«
2352 3878 41 34 gd

1669 3908 229 35 Uûut-déllen,
1916 3909 196 38 financlirtt,
2122 3915 81 32 petit
2206 3922 14 20 t
2232 3917 93 33 fews
2339 3925 67 20 sict

1668 3951 30 26 »t
1707 3947 122 38 glactt.

1733 4037 240 47 SOIRÉE
2020 4046 325 40 RENNAISE

1700 4126 169 28 Théâtre
1884 4128 50 27 de
1959 4130 168 30 Rennes,
2213 4131 194 34 Aujourd'hui

1667 4161 87 35 Jeudi,
1770 4165 15 26 i
1800 4161 17 30 8
1832 4165 98 26 hetres
1945 4166 26 26 al
1985 4165 103 28 demis.
2106 4166 144 30 Première
2274 4167 34 27 de
2341 4167 48 30 Gil-

1668 4198 65 27 lette
1748 4196 34 28 de
1793 4198 171 33 Narhoiine,
1981 4202 231 33 opira-oonsique
2226 4209 33 20 en
2283 4204 14 26 3
2317 4205 84 32 acte»,

1668 4233 131 32 asusique
1812 4233 33 28 da
1859 4233 53 30 Ei.
1928 4234 130 28 Audran.

1780 4296 200 33 PETITES
2008 4298 282 33 NOUVELLES

1701 4359 120 27 Claie*
1835 4361 137 34 perdu.
2037 4362 43 28 M.
2111 4363 33 27 de
2169 4363 149 30 Neavllla.
2333 4365 59 27 lieu-

1667 4397 99 27 tanaat
1781 4404 35 20 au
1846 4395 30 27 10
1915 4397 175 32 d'artillerie,
2117 4398 168 28 demeurant
2311 4398 80 30 boule-

1667 4431 70 26 vard
1750 4431 34 26 de
1799 4433 27 26 la
1840 4431 281 35 Tour-d'Auvergne.
2138 4435 17 24 &
2189 4441 18 20 a
2219 4435 110 27 déclaré
2348 4436 59 27 kla

1668 4467 89 31 polies
1773 4466 80 28 avoir
1867 4467 86 34 perdu
1970 4468 26 27 la
2022 4468 109 27 tamadi
2158 4468 30 27 16
2215 4472 129 32 courant,
2367 4478 39 19 un

1665 4501 85 27 chien
1765 4501 117 28 Pointer
1896 4501 85 28 blaao
1995 4505 27 25 et
2037 4504 85 33 brun,
2137 4505 50 32 âgé
2210 4504 33 27 de
2257 4505 47 27 3à
2313 4504 18 27 4
2343 4513 61 25 ans,

1668 4539 77 30 porta
1750 4540 28 24 at
1794 4544 39 20 un
1848 4538 98 27 collier
1961 4545 50 20 mr
2024 4539 92 33 lequel
2132 4543 43 24 est
2202 4540 70 28 éeril
2287 4541 26 27 le
2337 4548 67 20 nom

1669 4571 32 27 da
1716 4580 50 18 son
1787 4572 194 34 propriétaire.

1702 4606 81 27 Forte
1800 4607 178 34 récompense
1993 4609 17 25 k
2024 4607 48 35 qui
2087 4609 26 26 le
2128 4611 156 28 ramènera.

1698 4641 210 28 Itlaéralre
1925 4642 50 27 4e
1989 4642 40 27 la
2056 4644 164 28 retraite
2237 4665 6 5 .
2321 4645 85 27 Plaoe

1665 4676 33 28 da
1711 4680 26 25 la
1766 4676 115 32 Mairie,
1896 4685 64 20 rue*
1982 4677 149 34 d'Estrées,
2148 4678 39 28 La
2217 4680 118 34 Fayette
2374 4681 32 26 de

1665 4711 138 27 Toulouse
1835 4713 33 27 da
1887 4713 30 28 la
1938 4711 148 33 Monnaie,
2115 4715 80 33 plaoe
2228 4713 33 30 de
2289 4716 27 27 la
2331 4715 56 28 Mil-

1664 4748 72 26 lion,
1754 4747 32 26 de
1798 4747 151 35 Bretagaa,
1976 4747 152 30 boulevard
2159 4750 34 26 da
2219 4752 28 26 la
2278 4750 124 33 Liberté,

1665 4783 78 33 plaea
1757 4783 33 26 da
1804 4783 28 26 la
1847 4782 86 28 Halle
1946 4792 58 19 aux
2020 4783 77 31 Bléi,
2114 4792 61 19 rues
2205 4785 33 27 da
2251 4785 151 32 Ntmouri,

1665 4822 35 22 da
1717 4818 53 26 Pré
1787 4818 89 28 Botté.
1893 4818 137 30 Touiller,
2048 4827 110 20 avenue
2172 4820 33 27 da
2219 4821 28 27 la
2263 4820 83 30 Gare,
2356 4830 48 19 rue

1664 4852 210 30 Saint-Héliar.
1889 4853 154 28 boulevard
2054 4856 137 27 Laëaa>a.
2205 4863 47 20 rue
2265 4856 137 27 Cbâteao-

2474 157 70 30 dan,
2561 158 33 24 de
2609 156 92 31 Pari*,
2731 158 33 26 de
2779 157 97 28 B«lalr
2904 161 84 31 (arrtt
3015 164 17 24 a
3048 163 26 26 la
3103 163 97 27 Prefee-

2474 191 85 31 lare).
2577 195 117 22 eoßtoar
2712 191 34 28 de
2760 195 27 26 U
2803 193 100 30 Molle,
2931 202 48 20 rae
3006 195 99 28 Vielor
3120 196 81 35 Hogo

2476 227 78 34 plaoe
2578 224 39 30 di
2652 226 110 34 Pilale,
2791 235 61 20 rae*
2880 228 163 37 Nationale,
3065 233 148 34 d'E.lrée*,

2479 261 79 35 plaoe
2572 261 32 26 de
2620 261 28 27 la
2663 260 115 31 Mairie.

2509 295 177 31 Trompette*
2700 298 39 28 du
2754 298 25 27 7*
2794 300 27 27 el
2844 299 40 27 10-
2911 300 175 32 d'artillerie,
3122 305 70 27 man-

2476 339 53 27 que
2543 331 34 28 de
2591 330 105 30 i'Eoole
2711 332 181 32 d'artillerie.

2652 409 201 63 rfrAT-
2870 432 171 45 CIVIL

2760 519 177 24 NAISSANCES

2511 542 41 27 19.
2654 544 175 32 Mar/raerite
2848 548 257 30 Charlotte-Marie
3142 548 56 30 Teu-

2476 579 71 28 taia,
2578 587 47 18 rae
2654 580 33 26 de
2708 580 109 30 Dioan.
2848 583 102 28 E'nest
2969 585 92 28 Marie
3089 583 124 34 Serinet,

2477 613 175 27 Hôlel-Dleo
2680 614 350 33 Euiile-Franoii-Yioter
3041 619 85 32 Pilet,
3152 627 47 21 car-

2476 648 91 26 refour
2580 648 126 28 Jouaull.

2510 680 43 28 ZO.
2660 683 431 40 Heßriatte-Eagénie-Ootavie
3135 690 61 27 Mar-

2476 717 103 33 ohand,
2597 719 66 33 qaai
2680 720 178 31 Lamartine.
2872 724 110 28 Jeanne
2996 724 105 34 David,
3120 733 48 19 rae
3183 728 33 25 de

2476 754 90 27 Br**t.
2588 755 187 30 tiéoa-Pierre
2784 758 126 32 Nobilet,
2928 767 48 20 rue
2991 759 33 27 de
3039 759 120 30 Naate*.

2815 808 52 25 •te
2870 807 33 26 à*

2513 835 39 27 19-
2617 835 79 31 M«*e
2711 848 91 19 veuve
2817 840 105 33 Hervé,
2952 843 51 25 née
3030 841 185 30 Marie-Roie

2477 870 83 33 Ogor,
2577 869 34 28 67
2624 880 52 20 an*
2693 873 31 27 10
2741 876 85 32 mol*,
2837 875 138 34 faoboarg
2983 876 34 27 de
3032 878 90 28 Pari*.
3136 878 81 28 Mme

2477 913 90 19 veuve
2584 906 184 38 Deeckamp*.
2787 912 51 26 née
2861 911 247 34 Anne-Frasçoi«e
3133 913 81 32 Juin,

2474 940 34 26 75
2523 947 51 19 an*
2590 939 15 28 8
2623 944 80 27 moi*,
2721 944 139 35 faabourg
2875 946 33 26 de
2922 945 92 28 Pari*.
3032 947 81 27 Mme
3129 946 69 28 Pleu-

2476 977 74 27 obot,
2565 979 48 25 aée
2628 978 257 28 Vietoriae-Marie
2904 980 177 34 Hoogmard,
3107 983 34 26 43
3165 991 51 20 an*

2477 1010 13 26 1
2519 1011 79 28 Bsoii,
2620 1019 109 21 avenue
2757 1015 38 27 du
2823 1015 87 28 Mail.
2943 1016 274 30 Matbnrin-Louii-

2476 1043 92 28 Marie
2585 1044 148 32 Phiioaxe.
2751 1050 115 30 rentier,
2894 1051 98 27 marié.
3015 1050 34 27 62
3078 1059 51 20 an*
3161 1050 53 34 I|2,

2476 1088 48 19 rue
2556 1078 116 31 Klébe*.
2711 1082 350 35 Françol*-Marie-Méem
3094 1088 120 32 Pinson,

2478 1116 193 32 propriétaire,
2689 1119 99 31 marié,
2800 1119 33 27 61
2849 1127 52 20 an*
2919 1119 32 28 10
2967 1122 81 30 mêla,
3074 1130 50 19 rue
3139 1122 58 30 Cbâ-

2476 1152 190 26 teaurenault.
2695 1152 253 30 Théodore-Marie
2979 1155 109 32 Aubin,
3115 1156 87 30 biblio-

2476 1185 215 35 thécaire-ad]of
2696 1191 40 26 ni.
2753 1188 155 33 professeur
2917 1191 14 26 k
2944 1192 149 26 l'écelede*
3105 1192 112 27 Beanx-

2476 1219 77 30 Arts,
2572 1220 87 28 marié
2686 1220 34 28 5S
2733 1230 52 20 ans
2804 1224 11 26 1
2833 1225 80 32 moi*,
2943 1232 48 20 rue
3020 1226 33 26 de
3079 1226 136 30 Moafsrt.

2477 1254 226 34 Marie-Josèpbe
2732 1258 100 33 Leray.
2870 1259 131 32 rentière,
3039 1261 175 30 célibataire.

2474 1289 33 27 71
2536 1298 52 19 an*
2615 1290 54 34 I[2,
2700 1292 79 33 plaoe
2806 1291 216 31 Salate-Anne.
3052 1296 165 28 Matbarin-

2477 1324 96 27 Pierre
2589 1324 72 37 Ory,
2676 1326 170 37 journalier,
2863 1330 81 33 venf,
2969 1328 34 28 48
3017 1337 53 20 an*
3085 1330 17 27 9
3131 1332 84 27 moi*.

2477 1358 183 31 Hdtel-Diea.
2686 1362 81 27 Mme
2797 1363 141 32 Hamard,
2963 1367 51 25 née
3037 1365 181 30 Armandine

2476 1393 184 32 Boiimartel,
2672 1395 35 28 38
2722 1406 60 24 an*,
2800 1400 139 34 faubourg
2954 1400 34 27 de
3002 1400 93 28 Pari*.

2509 1428 44 28 20.
2635 1431 268 30 Mathurin-Marie
2929 1434 141 34 Cbauvel,
3104 1436 97 34 journa-

2477 1463 60 30 lier,
2554 1466 91 27 marié
2670 1466 33 27 63
2719 1474 61 21 an*.
2799 1467 261 37 Cbamp-Jaequel.

2506 1559 162 59 CONSEIL
2692 1560 48 58 DE
2764 1560 146 60 GUERRE
2934 1563 50 58 DU
3008 1565 35 56 X*
3067 1565 123 58 CORPS

2588 1684 118 24 BLÀNOK
2722 1685 40 24 Dl
2780 1678 35 31 19
2832 1688 171 22 NOVBUBRI
3030 1681 76 32 1901

2474 1742 141 26 Président
2642 1752 6 18 :
2683 1746 40 26 M.
2754 1747 24 24 le
2810 1748 272 26 lieutenant-colonel
3105 1749 110 28 Paillel,

2503 1775 142 25 Mlniitère
2657 1776 92 30 publio
2761 1783 6 18 :
2778 1778 28 24 M
2829 1779 226 26 locommandant
3067 1781 124 25 Carrière

2648 1805 171 28 Défenseur:
2833 1811 38 21 M'
2885 1812 146 25 Lecourbe.

2734 1874 99 37 (Suite
2846 1884 30 24 et
2888 1878 70 33 fin).

2512 1911 169 32 Intoum.lt.
2763 1915 149 32 L'accu.ô
2941 1926 32 21 se
3005 1928 126 21 nomme
3161 1917 38 33 Al-

2473 1952 117 37 phonse
2604 1954 163 40 Lagourge
2779 1961 28 25 el
2820 1961 46 26 eil
2881 1956 167 39 originaire
3056 1958 43 31 du
3109 1958 91 39 dépar-

2473 1995 112 27 tement
2601 1995 43 28 du
2657 1991 97 33 Nord.
2771 1994 81 32 Ainé
2867 1996 92 31 d'une
2974 2001 183 27 nombreuse
3172 2001 31 27 fa

2474 2033 93 34 mille,
2585 2033 21 30 il
2624 2034 91 37 partit
2732 2035 18 30 à
2763 2034 103 32 Jeriez
2883 2044 77 28 peur
2975 2044 31 22 se
3020 2039 165 30 soustraire
3200 2040 18 27 à

2472 2070 28 30 la
2517 2072 41 30 loi
2574 2072 158 33 militaire.
2767 2074 56 35 Là,
2850 2074 22 32 il
2909 2075 145 31 travailla
3089 2078 38 30 de
3162 2087 53 20 son

2474 2109 103 32 mieux
2595 2120 76 30 pour
2686 2113 118 32 donner
2820 2114 38 31 de
2872 2114 130 38 l'argent
3018 2117 18 28 à
3050 2125 33 20 sa
3098 2118 119 30 famille

2473 2150 79 30 mais
2568 2152 22 30 il
2604 2157 53 26 eal
2672 2152 28 32 le
2726 2153 142 32 malheur
2891 2154 40 31 de
2957 2159 175 28 contracter
3157 2165 60 21 ane

2472 2189 113 31 liaiion
2598 2191 52 35 qui
2666 2191 27 32 le
2709 2193 109 37 perdit.
2836 2192 109 32 Arrêté
2959 2196 28 28 le
3001 2194 38 30 23
3060 2196 124 30 octobre
3198 2198 18 27 à

2471 2228 170 37 Granvlile,
2661 2230 21 31 il
2698 2232 239 37 comparaissait
2950 2233 198 37 aujourd'hui
3164 2235 37 32 de

2472 2272 72 25 vanl
2559 2270 28 30 le
2600 2270 116 32 eomeil
2733 2270 37 32 de
2786 2281 109 28 guerre
2911 2282 78 27 pour
3001 2282 39 22 ne
3054 2274 90 32 a'élre
3161 2283 54 30 pai

2473 2308 97 31 rendu
2584 2309 17 28 à
2617 2310 30 28 la
2662 2309 188 33 deitination
2865 2311 79 32 fixée
2961 2322 54 28 par
3046 2322 54 22 ion
3129 2315 87 31 ordre

2472 2348 37 30 de
2524 2353 86 26 roule
2623 2349 187 32 individuel.

2511 2387 25 30 Il
2552 2396 19 20 a
2585 2389 46 30 été
2646 2389 175 32 condamné
2836 2393 17 27 à
2870 2392 15 28 1
2901 2392 78 30 moii
2996 2393 38 30 de
3048 2392 112 38 priion
3188 2399 28 26 el

2471 2426 93 32 devra
2578 2427 77 32 faire
2670 2428 18 28 3
2702 2438 56 21 ani
2774 2431 38 31 de
2836 2432 118 31 lervioe
2985 2432 159 32 militaire.
3171 2432 45 31 La

2471 2467 109 30 léance
2595 2472 45 26 eil
2654 2469 94 31 levée.

2539 2531 52 30 Le
2604 2531 178 41 froaige,
2799 2538 92 26 c'est
2906 2538 33 28 la
2955 2537 191 38 digestion

2510 2580 81 31 C'eil
2606 2582 39 31 de
2660 2591 128 28 manger
2800 2585 43 30 du
2859 2585 59 30 bon
3096 2591 28 25 et
3138 2595 76 20 von*

2470 2627 38 22 en
2524 2624 156 27 trouverez
2715 2623 184 32 d'exoelleni
2926 2626 74 31 chez
3028 2626 183 32 VALTON.

2469 2659 32 34 9,
2517 2667 53 24 rue
2583 2660 177 33 d'Aulrain.

2510 2699 197 32 Camembert
2724 2702 37 31 de
2776 2704 30 30 la
2832 2704 167 33 Couronne
3031 2706 129 39 Royale,
3177 2706 38 31 50

2471 2741 148 28 centime»
2634 2746 28 24 et
2678 2739 38 31 85
2732 2746 78 27 oent.

2512 2779 93 31 Polit»
2623 2780 87 28 Bries
2725 2781 131 39 IriaDgle
2871 2789 94 26 extra.
2983 2784 39 31 45
3038 2789 80 27 cent.

2510 2818 81 30 Tous
2607 2820 44 30 le»
2666 2820 93 38 jour»,
2778 2829 89 25 vente
2882 2825 38 30 de
2942 2825 89 37 lapin
3053 2825 85 35 'rail,
3156 2825 58 35 oie,

2471 2857 93 31 lièvre
2575 2863 30 26 et
2621 2859 92 35 tripe»
2730 2870 38 20 an
2784 2861 106 32 détail.

2510 2897 80 30 Tous
2608 2900 43 28 le»
2662 2900 174 35 vendredi»,
2849 2903 98 35 grand
2963 2904 141 38 arrivage
3117 2904 84 31 d'bnl

2484 2944 46 22 rai
2548 2941 15 25 à
2578 2937 38 28 25
2631 2944 148 24 ceotime»
2796 2941 30 28 la
2842 2943 163 30 douzaine.

2505 3038 249 43 AUTOUR
2802 3044 80 38 DE
2930 3045 242 40 RENNES

2510 3130 206 32 Mordkllhs.
2787 3132 234 31 CuiilAiH'nce
3035 3133 176 38 agricole.

2522 3169 33 31 M
2587 3172 63 34 fio,
2681 3174 172 33 professeur
2880 3176 243 33 départemental
3152 3175 48 30 da

2469 3210 176 35 grioulture,
2676 3213 63 30 fera
2764 3222 60 21 une
2855 3214 183 31 oonférunoe
3067 3214 148 38 publique

2469 3249 165 31 dimanche
2648 3252 149 37 proohain
2809 3253 38 30 24
2863 3254 177 37 novembre,
3051 3249 17 41 à
3084 3249 17 41 2
3117 3249 97 41 heures

2467 3291 91 34 aprèa
2575 3291 76 30 midi
2667 3291 208 33 àMordelles.

2507 3328 85 38 Sujet
2609 3339 7 20 :
2634 3330 58 31 Lit
2706 3331 131 38 engrai»
2851 3332 188 39 chtmiquis.

2471 3433 294 111 Chronique
2776 3438 439 106 départeaientale

3025 3583 150 30 Javené

2505 3617 216 33 INCENDIE
2823 3622 44 31 Le
2894 3624 84 38 jeudi
3006 3625 39 28 14
3072 3630 138 31 oourant,

2465 3664 67 22 veri
2557 3657 18 31 3
2595 3658 109 32 heurei
2732 3664 28 27 et
2791 3663 100 31 demie
2921 3664 41 31 da
2993 3665 110 34 matin,
3128 3664 85 31 Mme

2466 3705 94 21 veuve
2588 3697 107 38 Léger,
2728 3700 182 32 demeurant
2940 3712 39 20 au
3007 3704 136 31 hameau
3170 3705 40 28 du

2465 3735 133 32 Chemin
2615 3738 26 30 B
2654 3745 64 31 gai,
2733 3748 168 25 commune
2915 3743 39 30 de
2968 3742 129 38 Javené,
3129 3752 67 28 aper-

2464 3780 51 30 çât
2530 3785 59 20 une
2604 3780 87 27 lueur
2721 3787 93 31 rouge
2836 3782 17 28 à
2882 3785 117 27 travera
3032 3793 46 20 ses
3109 3784 100 28 vitre».

2465 3813 65 32 Son
2545 3814 50 31 fils
2613 3817 107 30 s'élant
2750 3821 67 30 levé
2845 3821 269 33 immédiatement
3126 3831 73 21 cons

2464 3859 63 25 tata
2539 3865 58 28 que
2609 3857 27 28 le
2650 3857 52 28 feu
2718 3857 73 31 était
2805 3859 79 32 dans
2901 3861 30 30 la
2960 3862 97 35 paille
3084 3863 39 30 de
3151 3870 50 20 sar

2464 3896 85 27 razin
2564 3896 53 35 qai
2633 3899 138 30 couvrait
2785 3908 56 21 son
2856 3900 132 38 hangai'.
3018 3901 28 30 A
3076 3911 47 22 ses
3139 3901 72 35 cric,

2465 3934 151 44 pluiieuri
2633 3937 117 31 voisini
2767 3938 122 31 vinrent
2916 3950 40 19 aa
2973 3950 138 26 secours,
3132 3943 79 28 mai»

2464 3973 261 32 instantanément
2740 3978 43 30 lai
2799 3978 142 31 flamme»
2957 3980 126 31 avaient
3097 3980 113 30 envahi

2464 4016 64 26 tout
2543 4015 27 30 le
2583 4015 130 38 hangar.
2731 4015 90 32 Alcri
2836 4026 40 21 on
2906 4019 109 30 abattit
3044 4020 32 28 la
3103 4020 110 30 toiture

2464 4051 72 31 d'an
2551 4054 104 30 cellier
2670 4057 128 34 oontiga
2825 4065 77 30 pear
2930 4058 78 31 faire
3038 4059 31 28 la
3084 4063 69 33 part
3170 4059 39 28 da

2464 4090 60 31 fea.
2539 4090 50 32 Aa
2606 4093 72 31 bout
2693 4094 91 32 d'aae
2800 4096 93 31 heare
2909 4097 27 30 le
2959 4098 51 30 fea
3025 4098 73 30 était
3115 4098 96 31 éteint

2463 4136 30 25 et
2506 4131 64 45 senj
2589 4130 30 31 le
2646 4131 118 39 hangar
2780 4136 73 30 était
2869 4136 98 32 brûlé.
2993 4136 50 32 On
3071 4146 38 22 ne
3137 4142 73 33 peut

2464 4170 185 38 s'expliquer
2665 4179 155 26 comment
2842 4176 28 31 le
2893 4176 48 31 fea
2965 4185 18 22 a
3013 4186 38 28 pu
3081 4178 129 37 prendre

2464 4217 51 22 car
2530 4219 118 22 auounn
2665 4213 128 31 matière
2820 4217 207 31 combmtible
3056 4218 78 30 n'eit
3156 4217 35 30 dé-

2464 4251 90 35 posée
2568 4251 17 28 à
2600 4254 46 26 cet
2659 4252 119 30 endroit
2793 4257 30 27 et
2835 4263 40 22 on
2889 4256 51 31 n'a
2955 4265 40 21 va
3025 4256 91 32 rôder
3143 4265 50 28 per-

2464 4298 94 21 sonne
2574 4289 77 32 dans
2666 4292 28 28 le
2707 4292 171 39 voiiinage.

2504 4328 44 31 La
2562 4337 97 22 veuve
2675 4330 96 35 Léger
2786 4333 109 31 enime
2909 4342 48 24 lei
2974 4338 99 34 pertes
3090 4335 18 30 k
3119 4333 39 32 40
3170 4335 37 30 fr.

2464 4367 70 32 Elle
2548 4368 76 32 n'ei'.
2637 4378 56 28 pas
2708 4374 135 27 assuré*.

2741 4421 119 31 Loavi
2871 4424 295 31 medu-Désert.

2502 4459 84 32 VOL
2602 4460 131 31 D'UNE
2750 4462 161 33 MALLE.
3007 4465 43 32 Le
3156 4474 39 21 no

2461 4500 133 33 vembre,
2613 4500 85 30 Mma
2713 4502 152 34 Grandin,
2884 4506 172 37 ménagère,
3083 4505 111 31 demeu

2463 4543 67 26 rant
2545 4540 17 28 à
2577 4539 97 32 Dorée
2691 4540 193 40 (Mayenne),
2901 4545 85 30 avait
3017 4546 115 35 déposé
3146 4554 59 20 oue

2464 4579 92 30 malle
2570 4580 129 34 remplie
2714 4581 38 31 de
2766 4583 83 34 linge
2864 4584 74 31 chez
2954 4592 34 21 aa
3012 4593 94 25 sœur,
3124 4583 83 32 Mme

2463 4617 106 37 Piren,
2585 4618 181 32 denaeu'anl
2784 4629 40 22 au
2842 4623 135 31 hameau
3008 4623 41 31 da
3081 4624 122 37 Planiy.

2461 4667 164 20 commune
2641 4658 38 30 de
2699 4658 172 40 Lauvigné.
2890 4662 43 31 Le
2956 4662 37 31 17
3021 4664 59 28 elle
3107 4663 98 30 revint

2461 4695 30 31 la
2506 4696 156 35 chercher,
2680 4700 78 28 maii
2773 4698 84 33 Mme
2875 4701 94 31 Piron
2985 4702 45 30 lui
3059 4702 98 31 ferma
3172 4711 33 20 1a

2461 4740 84 31 porte
2559 4744 39 21 aa
2614 4744 57 22 nez
2683 4739 43 28 lui
2743 4739 103 31 disant
2871 4740 112 38 qu'elle
2999 4750 38 21 ne
3061 4742 46 28 lui
3137 4750 52 21 ren-

2461 4775 79 30 drait
2556 4783 34 21 ta
2606 4778 93 31 malle
2714 4786 59 31 que
2789 4779 176 38 loriqu'elle
2979 4781 103 30 aurait
3094 4789 71 27 reçu
3176 4783 30 27 la

2461 4822 117 24 tomme
2593 4817 38 28 da
2644 4817 38 30 12
2698 4817 38 31 fr.
2754 4818 52 38 qui
2824 4818 44 31 lui
2885 4819 72 31 était
2975 4821 71 28 due.

2499 4854 85 32 Mme
2600 4856 139 31 Grandio
2754 4866 18 20 a
2802 4860 84 33 porté
2913 4859 129 34 plainte,
3071 4861 78 27 mais
3167 4859 38 30 l'a

3270 168 105 28 reniée
3390 170 89 34 aprè*
3495 169 171 32 roniiaiioa
3692 172 38 30 do
3752 172 30 28 la
3798 176 104 27 malte.
3928 171 79 32 Tuai

3269 209 45 26 ail
3330 204 70 33 bi«n
3413 208 53 37 qui
3480 206 71 33 fiait
3565 207 81 34 bien.

3790 248 51 31 Le
3855 248 115 32 Ferré

3309 283 151 33 COUPS.
3559 285 45 32 La
3631 287 113 32 femme
3772 287 117 34 Guérin
3915 295 28 28 el
3977 292 31 30 la

3272 332 94 25 veave
3381 326 129 38 Deipai,
3524 326 43 30 da
3583 326 100 37 Ferré,
3713 332 52 27 00l
3789 328 39 31 de
3842 332 59 27 Irèi
3924 339 64 22 maa-

3270 363 98 33 vahei
3385 366 126 34 languei
3527 369 31 28 et
3570 373 32 22 ae
3631 367 163 31 chicanent
3822 376 85 25 aties
3934 379 53 22 iou-

3272 407 79 26 venl.
3369 404 44 32 Le
3439 404 18 31 8
3485 411 125 25 courant
3646 407 80 30 leori
3755 406 90 39 petite
3878 417 130 30 garçon*

3270 442 198 33 l'amaiaienl
3483 445 157 31 eneemble
3654 455 53 21 inr
3733 448 30 28 la
3791 450 85 27 roale
3891 458 7 25 ;
3926 449 81 32 celai

3270 482 38 30 de
3335 482 30 30 la
3389 490 99 25 veave
3516 482 117 39 Deipa*
3663 488 97 28 orient
3788 491 30 25 el
3853 489 152 34 pleurant,

3270 522 83 30 avait
3367 522 89 31 attiré
3469 522 171 32 l'aitenlion
3654 524 39 31 de
3711 535 33 19 *a
3759 528 100 32 mère;
3886 528 28 30 le
3935 529 73 37 petit

3272 559 125 38 Guérin,
3413 563 90 35 aprdi
3519 569 60 24 une
3591 562 174 31 diieunloa
3789 566 102 28 venait
3913 567 38 31 de
3965 567 43 30 lai

3273 605 102 26 lanoer
3389 609 59 22 une
3465 602 110 37 pierre.
3589 601 293 39 Lafemrcie|Guérin
3896 613 112 32 voyant

3270 639 116 32 arriver
3399 641 31 30 1»
3446 641 81 30 mère
3544 640 39 31 da
3602 645 71 33 petit
3690 643 118 38 Daipa*
3835 645 74 30 ohez
3937 651 69 27 eils,

3273 680 85 34 aprè*
3381 680 117 37 injure*
3517 684 28 26 et
3557 689 71 28 groi
3648 690 89 27 mou,
3769 684 110 39 frappa
3896 685 112 31 devant

3272 718 59 31 elle
3346 722 27 28 le
3389 719 76 37 pelil
3480 718 128 32 Guérin.

3311 756 44 32 La
3369 759 113 30 femme
3497 757 117 32 Guérin
3628 768 19 21 a
3661 763 85 34 porté
3762 763 126 35 plainte.

3842 809 130 32 Redon

3312 843 204 32 CONCERT
3596 846 45 32 Le
3656 852 123 27 concert
3793 848 102 33 donné
3909 859 54 28 par
3981 850 30 28 la

3273 887 111 28 loctélé
3411 885 87 31 Saint
3516 886 189 32 Yincenl-de
3724 887 89 37 Paul,
3842 900 19 19 a
3887 900 37 21 eu
3951 889 59 30 lies

3272 922 168 32 dimanche
3454 926 122 30 dernier
3589 926 78 30 dam
3683 928 31 27 la
3729 930 76 31 aalle
3824 931 89 30 Saint
3928 928 63 31 Con-

3272 965 113 31 wuïon,
3406 965 216 37 laperbement
3637 965 137 32 dtoorte.

3311 1003 27 28 A
3354 1003 15 27 1
3386 1003 92 31 heure
3494 1004 31 30 la
3539 1004 83 30 foule
3635 1012 180 24 commence
3840 1006 18 27 à
3876 1006 129 31 arriver.

3273 1039 58 30 Lei
3366 1042 129 31 toilettes
3531 1043 206 38 magnifique*
3772 1045 182 37 empluient
3981 1048 28 28 la

3273 1081 87 28 ■aile.

3313 1119 45 31 Da
3387 1120 142 35 geitillei
3563 1122 107 38 petites
3707 1122 169 31 vendeuse*
3912 1128 83 26 eoila-

3275 1166 79 24 meei
3370 1160 111 31 offrent
3497 1163 15 25 à
3530 1161 190 32 l'anUiance
3733 1163 81 28 leur*
3847 1163 163 30 corbeille*

3276 1200 113 34 pleine*
3406 1200 38 28 de
3459 1200 103 31 fl-tfrs.
3595 1200 37 31 El
3660 1201 41 30 le*
3733 1201 98 38 pièces
3860 1202 149 31 blanches

3274 1238 135 32 tombent
3424 1247 39 21 au
3478 1239 72 32 fond
3576 1240 39 31 de
3630 1243 32 28 la
3676 1240 123 35 bourse,
3831 1250 76 28 pour
3938 1243 76 31 aller

3274 1277 113 30 bientôt
3403 1283 142 34 soulager
3559 1280 30 28 la
3605 1280 110 31 misère
3726 1280 52 30 des
3791 1289 141 28 p&uvrei.

3312 1316 102 31 Avant
3429 1317 37 31 de
3481 1326 194 24 commencer
3690 1319 31 28 11
3744 1324 118 31 séance,
3882 1319 44 31 M.
3945 1319 45 31 Ma-

3274 1356 63 28 rins
3354 1356 172 39 Bouleioup
3543 1357 44 31 dit
3602 1367 43 21 un
3661 1363 107 25 sonnet
3784 1358 37 31 de
3839 1368 33 20 sa
3887 1368 103 28 compo-

3274 1395 92 31 sition
3381 1403 60 22 aux
3457 1397 106 37 jeunes
3578 1396 143 39 aveugles
3738 1397 37 31 de
3791 1398 104 30 l'école
3911 1398 89 30 Saint

3275 1435 139 30 Gervaii.
3452 1437 86 28 Ceux
3554 1436 28 28 ci
3622 1441 159 33 attaquent
3823 1437 115 30 bientôt
3972 1447 41 20 un

3274 1475 107 28 chœur
3402 1474 60 30 Les
3477 1474 200 32 Bohémitnt.
3707 1475 83 31 C'eit
3817 1485 43 21 an
3887 1479 126 27 charme

3274 1521 59 30 qae
3345 1514 38 30 de
3397 1515 44 30 lei
3452 1514 157 31 entendre.
3622 1514 83 31 Tons
3720 1518 43 27 les
3778 1521 100 24 autres
3891 1518 123 28 chceuri

3275 1554 125 28 chantés
3416 1554 118 30 eninite
3560 1559 67 26 «eut
3656 1554 113 31 rendni
3800 1556 214 35 parfaitement

3273 1596 28 26 el
3315 1593 43 30 lei
3381 1592 286 38 applaadiuemenl
3690 1594 130 30 éclatent
3847 1594 37 30 de
3911 1600 98 26 toutei

3276 1637 92 32 parti.

3314 1671 67 34 Qae
3394 1671 195 38 pourrait-on
3604 1671 66 32 dire
3684 1671 43 31 da
3752 1674 92 37 jeune
3873 1671 138 32 Maxime

3276 1709 98 32 Nsmo
3390 1711 53 37 qui
3458 1720 18 21 a
3491 1710 44 31 lui
3563 1713 66 28 seol
3654 1711 94 30 tenait
3775 1713 31 28 la
3837 1713 105 31 moitié
3967 1715 40 27 du

3276 1759 194 28 programme
3498 1760 39 20 au
3565 1752 100 28 moini
3679 1749 17 31 ?
3724 1750 40 30 Sa
3791 1752 219 35 déolamatien,

3275 1798 53 21 ion
3344 1794 91 32 geile,
3454 1799 33 20 sa
3502 1789 150 38 mimique
3667 1794 66 26 lonl
3750 1792 257 30 extraordinaire*

3274 1830 73 30 ohez
3361 1838 43 21 un
3417 1828 109 31 enfant
3537 1830 38 30 de
3591 1830 35 30 13
3641 1838 66 21 ans.
3726 1830 86 30 Nous
3839 1839 96 21 avons
3960 1839 33 22 en-

3276 1869 91 30 tendu
3383 1871 44 27 les
3441 1871 105 28 scènes
3560 1870 38 28 de
3622 1867 128 39 Cyrano
3772 1869 37 30 d*
3837 1869 172 39 Btrgtra*,

3276 1906 137 39 l'Aiglon
3426 1917 73 20 avec
3514 1917 43 21 un
3570 1909 149 30 véritable
3733 1909 118 34 plaisir.
3882 1910 27 30 A
3940 1910 53 30 cha-

3275 1955 58 30 que
3346 1948 116 30 instant
3476 1948 100 31 Nemo
3588 1949 73 28 était
3674 1949 193 34 interrompu
3883 1957 54 30 par
3967 1950 44 30 les

3275 1987 299 33 applaudissement!
3601 1988 185 37 fréiéliquei
3813 1989 53 30 des
3896 1994 115 32 ipeota-

3273 2028 94 31 Ituri.

3313 2067 28 30 N
3356 2066 142 31 oubliom
3514 2075 53 28 psi
3583 2067 30 30 la
3627 2066 97 38 partie
3741 2067 150 30 maiioale
3906 2075 87 22 exoei-

3275 2106 150 31 «ivemeai
3439 2106 213 34 intéressante,
3683 2115 48 21 es»
3749 2109 143 34 aveugle»
3919 2107 74 30 d'An-

3273 2154 69 28 gin
3357 2152 66 24 iooi
3438 2146 52 30 des
3506 2145 119 31 artistes
3654 2145 38 31 da
3720 2146 69 30 bien
3819 2145 116 37 grande
3963 2154 33 21 va-

3276 2194 74 24 icur,
3367 2194 70 20 10m
3456 2186 27 27 la
3498 2185 149 31 direotion
3658 2184 74 31 d'an
3751 2186 171 35 profeueur
3938 2187 57 28 émi-

3276 2230 70 25 neni
3369 2223 44 31 M.
3441 2224 141 35 Bizzato,
3612 2225 128 37 aveugle
3765 2225 187 35 également.
3971 2225 44 30 Ce

3274 2264 119 31 dernier
3407 2271 18 21 a
3441 2265 125 28 exécuté
3580 2272 52 20 iar
3647 2264 27 30 le
3689 2267 92 34 piano
3795 2274 40 21 an
3867 2274 145 21 morceaa

3275 2306 72 27 dont
3363 2306 21 27 il
3397 2310 45 25 eit
3456 2304 142 34 l'aalear,
3627 2304 122 30 intitulé
3781 2303 128 39 Pupillo
3919 2313 32 26 i»,
3986 2309 28 26 et

3273 2343 52 39 fai
3338 2352 19 20 a
3369 2344 65 28 ravi
3456 2344 182 28 l'auditaire.

3313 2383 87 28 Nous
3417 2391 165 30 regrettons
3599 2383 37 28 de
3651 2391 39 22 ne
3705 2383 129 35 pouvoir
3852 2383 99 38 parler
3977 2383 35 31 de

3273 2422 31 30 la
3319 2431 98 22 messe
3430 2422 39 30 de
3485 2424 172 30 Paleitrina
3672 2424 52 35 qai
3736 2424 83 28 avait
3830 2424 61 31 lieu
3907 2424 28 31 la
3948 2432 44 21 ma-

3275 2469 44 24 tin
3333 2463 77 30 d*ni
3433 2464 30 27 la
3478 2463 141 37 abapalle
3647 2461 43 31 da
3715 2463 118 38 collège
3860 2469 28 24 et
3914 2464 37 30 de
3978 2466 31 27 la

3276 2502 130 30 •eoonda
3422 2502 109 30 séance
3546 2502 118 30 donnée
3679 2510 54 30 par
3751 2502 139 31 M*xima
3907 2502 100 31 Namo

3274 2550 59 20 aux
3351 2542 99 28 elèves
3467 2541 38 31 de
3533 2546 74 24 oetie
3635 2542 185 30 inflation.
3854 2542 44 30 La
3928 2543 84 34 place

3275 2589 76 21 naoi
3367 2589 142 28 manque.
3528 2580 294 39 Diionioipiodant
3836 2589 58 30 qae
3909 2581 45 37 ç'a
3967 2583 46 28 été

3275 2629 40 21 un
3331 2621 148 30 véritable
3507 2621 81 37 régal
3620 2629 74 28 pour
3724 2622 43 30 lei
3794 2628 152 24 amateurs
3976 2621 37 31 de

3276 2660 74 31 balle
3367 2661 154 34 mntiqua.

3550 2705 110 30 Brfai
3674 2706 287 30 souH-Moiilfort

3315 2741 299 35 CONFÉRENCE
3639 2746 231 31 ABRICOLK.
3901 2763 34 6 -
3960 2748 48 30 M.

3280 2787 59 33 Pio,
3372 2789 172 30 orofeiseur
3573 2789 241 33 départam-alal
3843 2790 18 27 d
3874 2789 117 35 agrioui

3276 2835 72 26 ure,
3367 2828 11 30 f
3386 2836 44 20 *ra
3448 2835 59 20 ane
3521 2826 182 30 cotifôrence
3720 2828 145 37 publique
3886 2830 100 26 dimaa-

3274 2867 56 30 «be
3347 2867 146 33 prochain
3510 2865 38 28 24
3565 2867 174 31 novembre,
3757 2870 18 25 à
3795 2865 19 30 9
3840 2867 105 31 heures
3972 2868 39 30 do

3286 2907 99 34 natin,
3402 2907 17 28 à
3436 2906 90 30 Bréal
3543 2914 71 20 «ous
3632 2906 161 30 Montforl.
3822 2906 84 38 Sujet
3932 2915 7 21 :
3971 2911 40 24 te»

3273 2944 135 30 cuhurtt
3417 2946 221 35 fourragirt*.

3474 2998 107 26 iMiint.
3600 2996 122 28 Aubin
3738 3000 50 25 du
3806 2996 169 28 Cermier

3315 3035 325 32 VAGABONDAGE
3770 3037 58 30 L»s
3873 3040 138 28 nommé*

3274 3076 117 32 Claud»
3410 3076 131 32 Fiûsoi.
3556 3085 37 22 ne
3614 3078 18 28 à
3650 3076 99 35 Pari»,
3768 3076 35 31 12
3826 3078 164 30 condamua-

3275 3124 78 21 «iou<
3367 3123 28 22 et
3409 3115 103 32 Jul<eu
3528 3115 150 34 Lsiserre,
3694 3118 39 28 né
3768 3118 17 28 K
3814 3116 183 31 Local-Mau

3275 3158 59 28 don
3351 3154 204 39 (Morbihan),
3572 3155 17 31 5
3606 3157 172 28 coudamna
3795 3158 76 31 ion»,
3901 3162 52 26 ont
3966 3159 45 28 été

3276 3195 110 31 arréiéi
3406 3203 53 30 par
3475 3198 43 27 lei
3541 3195 182 37 gendarmai
3739 3196 35 30 de
3791 3196 87 31 Saint
3893 3196 98 31 Aubiu-

3274 3236 38 28 du
3331 3234 139 31 Cormier
3488 3244 74 26 peur
3586 3236 228 35 vagabondage.

3312 3274 59 31 Ce»
3400 3276 158 27 individus
3588 3283 37 20 ne
3652 3275 120 31 veulent
3803 3283 52 28 pai
3885 3276 73 30 aller
3987 3278 17 27 à

3275 3314 66 37 pied
3358 3315 18 27 à
3393 3314 161 33 Fougères,
3580 3314 43 28 lis
3639 3315 99 28 duenl
3774 3315 91 37 qu'il»
3891 3320 52 25 ont
3969 3317 41 28 les

3275 3354 83 37 pieds
3376 3361 14 19 h
3404 3354 136 28 nickelés
3556 3361 15 20 »
3587 3358 28 25 et
3631 3363 38 20 ne
3685 3359 130 32 peuvent
3834 3356 66 35 plus
3930 3364 65 20 mar

3273 3394 81 27 «her.
3373 3393 25 28 Ii
3415 3393 143 28 vaudrait
3573 3393 103 31 mieux
3702 3393 207 31 évidemment
3924 3396 84 28 aveir

3278 3432 30 28 la
3324 3433 96 37 poche
3435 3433 150 35 argentée.

3718 3470 253 41 Bulsgmily

3313 3510 151 30 MORTE
3502 3510 112 30 DANS
3651 3510 83 31 SON
3771 3513 169 31 CHAMP.

3274 3549 84 31 Mtan
3387 3552 104 30 Yauve
3520 3552 154 32 Vaucellv,
3690 3560 54 21 net
3775 3552 164 37 Françoiie
3960 3553 33 31 Si-

3273 3596 83 26 mon,
3373 3591 74 35 igée
3462 3589 37 28 de
3514 3589 38 30 68
3576 3599 65 24 ans,
3671 3591 190 32 cultivatrice
3888 3600 39 21 au
3956 3592 39 30 ha

3273 3638 87 20 meau
3377 3630 37 30 do
3429 3630 30 28 la
3472 3628 92 38 Foy»,
3578 3638 37 22 an
3631 3630 216 38 Boi«gervilly,
3866 3631 142 32 souffrait

3272 3669 107 34 depuis
3396 3669 174 37 longtemps
3586 3669 37 30 de
3638 3669 138 33 terribles
3802 3678 92 21 maux
3912 3671 37 31 de
3967 3672 27 28 tê

3272 3711 27 27 ta
3313 3707 53 38 qui
3384 3709 249 30 occasionnaient
3650 3715 126 25 souvent
3790 3710 52 30 des
3857 3710 133 31 étourdis-

3272 3751 143 27 seoients.
3433 3746 43 31 Le
3494 3746 34 30 11
3550 3749 165 31 novembre
3739 3749 129 33 dernier,
3886 3751 59 28 elle
3958 3752 35 27 dé

3270 3788 84 27 data
3369 3788 18 28 à
3403 3795 53 21 son
3472 3788 89 35 jeune
3583 3788 201 35 domestique,
3802 3788 117 31 Adrien
3935 3789 67 33 Los.

3270 3826 54 38 âgé
3338 3826 38 31 de
3392 3826 35 30 19
3450 3835 66 26 ani,
3535 3827 110 37 qu'elle
3674 3829 81 28 avait
3782 3827 79 31 failli
3891 3831 116 27 mourir

3274 3866 132 37 pendant
3420 3867 30 27 la
3474 3866 67 31 nuit
3567 3870 28 26 et
3624 3867 259 37 qu'évidemment
3912 3878 33 20 ta
3963 3869 41 30 fia

3273 3906 90 30 icrait
3377 3906 175 37 prochaine.
3568 3905 181 38 Cependant
3771 3908 135 35 pendant
3921 3911 69 34 quel

3272 3953 72 28 quei
3358 3946 85 35 joars
3459 3944 56 32 elle
3530 3945 63 30 alla
3618 3946 104 30 mieux
3748 3950 27 26 et
3803 3947 43 30 las
3862 3956 91 21 maux
3970 3950 35 28 de

3272 3985 57 30 tâle
3345 3984 151 31 devenant
3511 3984 100 31 moins
3634 3985 154 38 fréquenti
3804 3987 58 28 elle
3878 3989 93 37 reprit
3987 3989 18 28 à

3272 4032 125 27 manger
3410 4024 236 30 contrairement
3661 4025 17 28 à
3694 4033 54 21 son
3770 4025 155 32 habitude.

3311 4063 81 30 Mais
3409 4071 33 21 ce
3456 4064 104 30 mieux
3574 4063 102 32 devait
3691 4065 60 28 élre
3769 4064 37 31 de
3829 4071 103 26 oourla
3947 4067 38 30 du-

3269 4104 57 28 ré».
3345 4101 47 31 Eq
3405 4102 81 34 effet,
3513 4103 165 31 dima&oha
3704 4104 110 34 matin,
3841 4113 32 24 se
3886 4110 118 27 sentant

3268 4142 177 32 soaffraute,
3463 4142 58 30 elle
3536 4152 37 21 ne
3589 4147 52 33 put
3657 4144 76 28 aller
3748 4144 17 28 à
3781 4144 28 28 la
3826 4153 109 24 mene.

3308 4181 74 30 Ven
3398 4181 19 28 3
3431 4181 110 31 heurei
3556 4182 37 31 de
3607 4182 216 38 l'aprèi-midi,
3854 4193 131 22 encoura-

3267 4221 54 35 gés
3338 4228 54 27 par
3407 4224 28 27 la
3451 4226 97 32 tempi
3566 4222 129 37 luperbe
3710 4224 72 37 qu'il
3798 4224 116 35 faiiait,
3945 4226 59 30 elle

3267 4260 45 30 fat
3327 4259 83 39 priie
3423 4260 40 28 dn
3480 4263 79 27 déiir
3573 4261 107 30 d'aller
3696 4263 77 30 faire
3800 4271 59 21 une
3886 4273 97 28 prome-

3268 4300 80 28 nade
3364 4300 77 28 dam
3458 4307 53 22 ton
3528 4300 123 38 champ,
3670 4302 78 30 limé
3762 4303 18 27 à
3808 4302 57 31 100
3894 4306 109 27 mèlrei

3267 4341 130 28 environ
3411 4341 38 27 de
3463 4346 32 21 ta
3511 4339 154 32 demeure.
3684 4339 69 32 Elle
3769 4342 99 30 vanait
3882 4343 17 28 à
3914 4344 89 33 peina

3268 4377 131 31 d'entrer
3415 4380 77 28 dam
3507 4380 27 30 le
3548 4380 175 38 ditohamp,
3736 4380 110 38 qu'elle
3854 4382 149 31 s'affo'sia

3267 4426 52 20 sur
3331 4419 58 30 elle
3404 4419 98 30 même
3516 4423 28 25 et
3560 4423 78 26 resta
3653 4420 129 31 étendue
3797 4422 18 27 à
3833 4424 86 27 terre.
3938 4420 63 32 Sut

3267 4457 193 37 demeitique
3475 4456 59 31 Loi
3549 4457 52 38 qui
3618 4459 81 30 avait
3729 4459 79 30 inivi
3837 4469 45 21 lai
3913 4470 71 20 mou

3267 4501 148 28 vemanti,
3432 4502 144 25 accourut
3593 4498 126 31 aussitôt
3736 4507 74 30 peur
3839 4500 30 30 la
3896 4509 85 21 seoou-

3266 4534 41 31 rir
3325 4535 78 30 mais
3418 4535 21 31 il
3456 4544 38 24 ne
3508 4537 99 31 releva
3622 4537 94 39 qu'an
3730 4539 141 31 eadavre.

3306 4576 43 30 La
3365 4584 113 28 pauvre
3493 4577 112 31 femme
3619 4578 72 30 était
3707 4578 58 30 trèi
3778 4578 126 32 «Mimée
3920 4580 79 30 dani

3267 4615 27 30 le
3311 4622 76 38 payi
3400 4619 30 26 et
3444 4623 33 21 sa
3493 4616 86 31 triite
3593 4620 78 26 mort
3685 4625 19 21 a
3729 4620 91 27 oauié
3846 4626 59 24 «ne
3932 4620 69 30 vive

3269 4655 144 28 émotion.

3304 4693 54 31 Sis
3374 4693 148 39 obsèques
3535 4698 52 27 ont
3600 4703 38 22 eu
3653 4695 61 31 lieu
3730 4696 66 32 hier
3810 4698 96 30 malin
3922 4700 17 28 à
3963 4698 37 30 10

3266 4733 110 31 heures
3390 4740 38 24 en
3455 4733 118 38 l'église
3600 4735 37 31 de
3666 4735 216 40 Baisgervilly.

3752 4783 195 39 Tremblay

3301 4820 374 34 COMMENCEMENT
3729 4824 266 34 D'INCENDIE.

3314 4861 41 30 L*
3381 4861 35 28 14
3439 4869 138 28 courant,
3595 4871 66 22 vers
3683 4863 38 30 10
3742 4865 109 30 heures
3866 4865 39 30 du
3922 4876 33 20 »o
3960 4867 6 19 ;
3971 4876 13 15 '

4065 197 40 21 au
4148 196 124 27 nommé
4309 195 158 37 Lebreioa,
4501 200 201 40 dometnque,
4741 203 65 31 Tint

4065 231 143 30 chsrchor
4237 233 74 31 chez
4337 234 44 31 M.
4411 236 115 37 Portai,
4554 240 182 33 cultivateur
4767 250 39 22 aa

4065 270 131 30 hameau
4225 273 38 31 de
4290 275 31 28 la
4348 273 149 39 Métairie,
4522 288 54 22 ioq
4602 280 201 38 domestique,

4065 319 76 27 P°°'
4156 312 76 30 alier
4246 314 66 30 voir
4328 314 52 31 de*
4409 319 89 27 ami».
4517 318 130 33 Comme
4675 330 33 21 ce
4735 321 54 30 der-

4065 350 65 30 nier
4157 351 73 30 éiail
4263 353 126 34 couché,
4420 354 149 34 Lebreton
4598 369 113 28 craqua
4746 370 60 21 une

4067 390 157 31 •llameile
4240 399 77 30 pour
4346 398 120 26 trouver
4483 405 56 24 ion
4563 400 175 31 camarade.
4766 400 43 31 La

4067 428 48 30 feu
4130 437 18 21 a
4163 430 63 37 pri»
4243 432 17 27 à
4272 432 30 28 la
4317 435 94 35 paille
4429 436 54 37 qui
4500 438 246 37 communiquait
4767 449 40 21 aa

4068 467 32 28 lit
4128 469 40 28 da
4198 470 191 38 domeniqae
4413 482 28 22 ei
4470 483 43 22 un
4545 483 263 26 commencement

4067 507 172 33 dMncendie
4254 519 32 22 le
4300 510 132 32 déclara.
4450 514 50 31 Au
4515 514 73 32 bout
4604 517 37 30 de
4656 517 18 28 3
4689 524 119 30 quart»-

4067 547 123 30 d'heure
4224 549 37 31 de
4293 553 122 33 travail,
4442 557 64 25 tout
4535 555 45 30 fut
4616 559 102 28 éieini.
4750 559 58 30 Le»

4069 589 94 32 perlei
4187 593 66 25 tout
4276 592 141 28 évaluée*
4433 594 15 26 à
4463 592 38 30 99
4525 595 37 30 fr.
4587 604 41 21 aa
4655 598 155 37 prtjadioo

4068 625 34 30 de
4131 625 43 30 M.
4200 626 104 32 Foreil
4338 632 53 35 qui
4415 632 76 31 n'en
4517 643 53 28 pat
4598 639 105 26 asauré
4734 645 76 28 pour

4068 672 54 22 10a
4150 666 152 32 mobilier.
4329 667 150 37 Lebreioa
4508 679 126 32 regrette
4664 684 33 21 >a
4715 684 93 30 grave

4068 704 210 37 impradence.

4569 764 201 39 Foagérfl.

4108 800 331 37 SAINTE-CÉCILE
4469 808 54 31 DE
4540 809 51 31 LA
4609 810 198 35 MUSIQUE

4069 841 286 33 MUNICIPALE.
4427 847 45 30 La
4501 857 143 30 mu*ique
4678 854 110 27 muuiai-

4069 886 67 32 pale
4148 882 94 30 fâiera
4259 886 30 26 la
4303 885 105 32 Sainte
4424 886 105 32 Céoile
4545 889 27 30 le
4587 891 168 30 dimaoche
4769 892 38 30 24

4068 927 137 24 courant.
4222 921 47 30 Ar
4298 933 202 27 programme,
4530 937 99 21 meiie
4652 938 39 21 en
4711 932 80 27 nauti-

4069 969 57 28 que
4141 964 18 26 à
4180 960 117 38 l'églite
4312 964 89 31 Saint
4419 964 146 33 Salpice:
4590 966 17 30 1
4638 967 116 30 Entré«
4768 971 37 27 de

4070 998 86 30 B*ch
4170 1000 56 34 ;2.
4246 1000 149 37 Alléluia,
4413 1004 37 32 de
4467 1004 86 31 Bach
4565 1017 7 24 ;
4593 1005 18 30 3
4652 1006 27 30 A
4694 1006 98 31 l'oflsr

4069 1041 84 34 toire,
4168 1041 123 28 Menuel
4306 1041 37 28 de
4357 1043 32 27 la
4404 1052 50 19 ma
4475 1054 96 28 qui**.
4591 1044 65 38 X..;
4677 1049 18 26 4
4727 1046 79 30 Solo

4069 1077 37 30 dt
4124 1078 141 37 bargton,
4285 1082 35 28 de
4336 1082 85 30 Bach
4434 1094 6 22 ;
4456 1083 18 28 5
4519 1082 74 32 Solo
4628 1085 35 28 di
4698 1087 104 34 pis:oi%

4069 1117 79 28 suivi
4173 1117 73 30 d'un
4279 1120 120 38 choral,
4428 1122 37 32 de
4492 1123 104 35 Bach;
4630 1124 19 30 6
4654 1117 5 43 1
4690 1126 107 34 Salui,

4070 1159 132 31 marche,
4221 1157 74 32 X...

4109 1195 50 31 Un
4174 1204 122 25 eoncart
4311 1208 52 21 lur
4377 1201 30 28 la
4431 1201 86 37 place
4533 1212 59 20 anx
4620 1205 104 28 arbre»
4741 1213 65 22 <era

4069 1235 102 31 donné
4183 1239 15 25 à
4212 1237 18 30 S
4245 1238 118 31 heure*.
4382 1239 79 38 Ojy
4475 1243 105 35 Jouera
4598 1251 6 20 :
4623 1244 14 28 1
4665 1243 137 32 Mtxart,

4070 1274 79 35 X...;
4166 1276 27 28 2'
4225 1276 33 28 M
4259 1281 89 25 «nuit
4362 1279 37 28 de
4435 1279 31 30 la
4500 1280 163 39 merquit»,
4681 1283 28 30 X
4779 1284 18 27 3

4071 1313 103 35 Salut,
4193 1317 144 34 marche;
4400 1317 54 31 Au
4478 1329 98 27 repo-,
4593 1322 38 28 de
4649 1322 85 30 B*ok
4748 1333 6 24 ;
4773 1323 33 28 5*

4074 1352 94 30 Potk»
4183 1354 53 30 de»
4252 1355 190 39 deu»frère*
4462 1358 163 37 jumeaux,
4644 1362 57 30 loli
4734 1371 73 28 pour

4070 1394 100 35 piiton
4193 1394 38 30 de
4248 1395 190 32 Kolkiaann.

4108 1430 27 30 A
4150 1439 66 31 lept
4232 1434 117 33 heure»,
4378 1436 133 37 banquet
4546 1439 18 28 à
4598 1439 117 31 l'Hâtai
4754 1441 53 31 dei

4067 1470 150 38 -Voyeur».
4235 1473 85 33 Pris,
4337 1473 18 31 3
4369 1474 50 37 fr.,
4435 1479 17 26 i
4474 1476 37 28 10
4527 1478 107 31 heure*
4661 1480 41 28 du
4731 1481 71 33 «oir,

4070 1511 131 31 lauterie
4222 1514 77 28 dan»
4322 1515 31 28 la
4367 1517 77 28 lalls
4467 1518 38 27 de
4531 1519 129 30 réunion
4671 1528 8 25 ;
4708 1522 100 28 entrée

4070 1558 52 20 •ur
4141 1559 81 20 oarie
4238 1552 132 33 «pédale
4385 1553 207 32 d'invitation.

4103 1600 176 31 ETAT-Cl\
4291 1604 37 27 IL
4346 1604 33 27 de
4401 1605 146 34 FAagàras.
4613 1607 196 31 Naissances.

4127 1636 106 28 Hélâna
4256 1638 133 28 Jaurdaa.
4416 1649 48 19 rua
4495 1641 138 34 Piateria,
4659 1643 33 26 22
4736 1645 70 28 J«aa

4071 1671 117 34 Rogaaa,
4215 1676 77 31 pla«*
4324 1675 38 26 du
4388 1675 285 31 Pr»ald«nt-Carno*.
4701 1680 106 28 Marcel

4071 1707 22 26 B
4106 1709 87 25 nvant
4219 1715 50 19 ru«
4292 1708 138 32 Platarla,
4447 1720 25 15 ».
4500 1710 102 28 Viajor
4616 1713 79 31 T<z4,
4710 1721 50 19 ma
4773 1716 35 26 da

4070 1741 9 27 1
4093 1740 141 33 E«hanff«,
4250 1742 26 26 7.
4291 1744 167 28 Antoinette
4474 1746 111 34 S-goia,
4609 1756 47 18 rua
4671 1749 46 26 de*
4735 1750 52 27 Feu-

4070 1778 91 28 tariM,
4193 1775 45 30 36.
4265 1779 131 28 CKraaat
4429 1780 93 28 Dabi*
4558 1789 34 20 au
4629 1782 177 37 Goélandry.

4069 1812 110 27 JeaaLe
4194 1812 84 28 Corra
4304 1822 47 18 rua
4365 1815 46 26 da*
4428 1815 77 31 Pria,
4519 1815 43 28 34.

4104 1846 165 30 Promesses
4292 1847 34 28 de
4355 1848 148 35 Mariage*
4579 1851 80 30 Jalaa
4676 1853 124 34 Barrinr,

4069 1890 122 26 aoaptur
4204 1891 34 19 eu
4254 1887 167 22 chausson*
4443 1887 18 25 à
4487 1886 78 27 Blol*
4579 1891 27 24 at
4631 1887 91 28 Maria
4737 1890 44 27 Mi-

4069 1923 59 27 grât
4159 1918 132 34 piqaeuse
4316 1920 15 26 i
4355 1919 89 27 Blol*.
4461 1920 143 28 Tbeodora
4624 1923 109 33 Valtal,
4752 1926 34 26 do-

4072 1951 137 35 mestiqa»
4225 1955 14 25 fc
4258 1954 136 34 Fougère*
4404 1958 27 24 et
4441 1956 91 26 Maria
4547 1956 135 32 Clouai*.
4702 1965 89 22 eaïuj-

4069 1988 131 26 «oaoiéra
4213 1990 17 24 à
4246 1988 155 34 LafgaeUt.
4426 1990 131 34 Adolphe
4579 1991 138 30 Boanioa
4747 2003 46 19 cor-

4070 2022 118 26 doaaiar
4214 2030 50 19 ru*
4287 2024 136 30 PinUrte,
4441 2024 59 33 1;0,
4512 2029 27 25 e»
4554 2027 145 28 Elisabeth
4719 2029 71 30 Char-

4069 2056 44 27 del
4129 2059 155 26 couturière
4299 2067 48 19 rua
4363 2060 126 27 Pinteri*
4508 2060 56 27 UO.

4106 2092 98 27 b*cèi.
4291 2093 92 28 Maria
4406 2094 98 30 Caiia.
4535 2104 89 20 vaove
4667 2099 139 33 Toartier,

4069 2128 220 27 «baaeionnlèr*
4328 2127 32 28 64
4388 2138 61 25 ana,
4480 2131 174 30 Hôtel-Diea
4711 2124 98 41 Diairi

4069 2161 115 30 Taliaa,
4198 2163 15 27 S
4231 2164 83 33 noie,
4329 2172 47 19 ra«
4400 2165 33 27 de
4459 2165 90 28 Vilré.
4566 2165 35 30 25
4631 2167 90 30 Marie
4735 2171 54 27 D»r-

4070 2197 61 26 tUr.
4150 2205 86 18 veuve
4265 2200 93 25 Colrre
4384 2202 229 33 ebaaa-one'ere,
4630 2204 33 26 51
4680 2212 59 22 aat,
4759 2215 50 19 raa

4119 2232 90 28 Vilré.
4222 2232 33 27 24
4283 2233 102 28 Célina
4401 2236 116 26 Cronler
4544 2237 104 26 femme
4672 2239 130 31 Garoiar,

4068 2267 34 27 38
4129 2276 61 24 aai,
4218 2269 149 27 boaU'ard
4395 2270 35 26 de
4457 2274 26 25 la
4512 2270 83 33 Gare,
4611 2272 43 28 29.
4674 2263 131 41 Fréiérià

4068 2303 126 32 Janvier,
4212 2304 66 27 veaf
4303 2303 34 27 Bfi
4352 2314 59 22 «ai,
4429 2307 78 34 plaoo
4532 2308 37 26 da
4599 2309 141 32 Marebix,
4765 2313 41 28 l#.

4111 2363 150 43 Tribunal
4289 2367 223 41 eorrecliuniel
4531 2369 38 40 de
4589 2368 157 45 Fo«gèr<s

4159 2459 156 22 AUDIINCK
4328 2459 41 24 DO
4383 2453 38 30 10
4443 2461 169 21 NOYBMBRB
4633 2454 73 28 1301

4106 2489 91 28 Ttinte
4209 2491 40 31 fin
4269 2491 35 27 de
4310 2491 70 35 feie.
4444 2492 78 27 Daa»
4538 2496 28 26 la
4581 2493 63 27 nail
4659 2496 38 26 da
4726 2497 74 32 Ssa

4068 2523 17 26 3
4100 2525 158 31 novembre,
4279 2530 14 22 k
4310 2535 54 19 âne
4380 2529 84 26 hiare
4478 2532 27 24 et
4519 2530 92 26 demie
4632 2529 35 27 da
4702 2537 103 28 malin,

4071 2561 138 32 ploaieara
4224 2562 98 33 jeanes
4338 2570 64 24 k»oi
4419 2563 164 30 revenaient
4605 2571 35 19 an
4667 2557 141 41 obanlani

4068 2595 33 26 de
4115 2596 144 26 loabailer
4276 2597 25 26 ta
4316 2598 52 26 fêt»
4383 2598 15 26 à
4426 2598 59 26 l'an
4512 2600 34 26 de
4576 2601 72 27 leara
4678 2607 124 31 «opaina.

4071 2630 118 34 loraqa»,
4209 2634 77 31 place
4303 2633 164 33 Gatibrila,
4482 2634 39 26 les
4537 2641 98 27 ag-nl*
4650 2643 154 25 vooiarent

4069 2665 70 27 faire
4153 2674 89 19 esaaer
4256 2670 70 22 e-lle
4350 2667 56 34 joie
4431 2672 170 27 exubérante
4615 2680 7 26 ;
4652 2674 72 25 maie
4755 2683 48 19 noe

4068 2701 103 32 Jeyeax
4186 2704 150 32 eempéraa,
4355 2711 34 19 ne
4403 2704 175 28 i'eßieodaai
4590 2717 48 26 pt»
4651 2709 74 26 aimi
4754 2719 34 19 en-

4068 2738 130 31 gagèrent
4213 2745 56 18 aae
4284 2739 71 26 latte
4369 2746 37 19 aa
4420 2746 79 19 ooare
4514 2740 34 26 de
4561 2743 124 35 laquelle
4701 2745 104 33 l'agent

4068 2767 119 30 Gandon
4201 2773 47 25 aat
4263 2772 72 26 deux
4364 2776 71 24 eôi«»
4463 2776 154 28 enfoncée».
4635 2778 163 30 Alexandre

4068 2804 84 32 T....
4170 2807 48 32 qal
4235 2810 109 25 eartoat
4359 2817 27 17 *»
4403 2810 30 26 Si
4448 2817 161 28 r*marqa»r
4626 2822 50 26 p»r
4690 2823 30 18 ia
4744 2816 59 27 vio-

4160 2848 27 21 et
4201 2849 41 19 tea
4260 2850 96 25 propos
4372 2844 155 33 iojarleux,
4554 2848 44 27 fat
4622 2849 117 27 coadait
4769 2858 35 20 aa

4070 2875 107 26 violoa.

4104 2910 21 27 Il
4142 2914 128 32 attrappe
4294 2921 37 18 an
4358 2914 71 26 moii
4454 2915 33 26 de
4512 2916 96 33 pilaon
4622 2921 26 25 et
4663 2919 31 26 11
4711 2921 93 26 franoa

4068 2946 146 27 d'aaieadn
4230 2954 65 20 avec
4311 2948 28 27 la
4354 2948 39 27 loi
4407 2949 33 26 de
4454 2952 89 26 aaraia
4558 2960 70 26 pour
4638 2955 28 26 la
4678 2955 80 33 peine
4770 2956 37 27 da

4069 2982 105 31 priaon.

4104 3014 122 30 Paucrej
4239 3018 159 28 okaasenri.
4465 3020 105 30 E-core
4594 3024 67 27 troia
4688 3025 51 33 qni
4755 3028 48 26 ont

4067 3058 33 20 en
4116 3052 25 26 ie
4157 3053 131 25 malbear
4303 3056 32 25 de
4349 3063 28 18 se
4404 3056 97 27 laisser
4517 3059 98 32 pincer
4628 3061 73 25 alors
4720 3064 85 26 ea'ila

4068 3086 144 27 oonraiani
4228 3090 79 31 aprèa
4324 3090 25 27 le
4363 3090 99 33 gibier.

4103 3120 44 28 Uj
4163 3123 156 33 joarnalier
4341 3125 33 26 de
4400 3126 27 26 ta
4452 3135 46 19 rae
4514 3126 119 35 Dagoay
4654 3130 117 31 Trecin,
4791 3135 14 25 à

4068 3156 143 33 Fougérea,
4228 3163 40 22 eat
4284 3161 157 27 eondamné
4463 3168 15 20 a
4500 3162 34 26 M
4548 3164 92 27 franoa
4655 3168 149 27 d'em-nda

4069 3200 66 20 ociur
4150 3194 97 27 obaaae
4269 3202 33 19 en
4331 3198 92 30 teupa
4440 3201 133 28 prohibé;
4589 3206 39 21 an
4645 3208 120 26 ouopear
4788 3206 17 24 à

4067 3226 32 27 60
4123 3228 33 26 It.
4180 3233 27 21 et
4230 3229 72 26 deax
4322 3231 217 27 ebasasoaDiers
4563 3234 33 26 de
4622 3234 136 34 Fuagéret
4789 3241 14 24 à

4067 3261 34 27 50
4120 3262 33 27 fr.
4170 3265 118 27 cbaean.
4307 3273 69 24 ?oar
4390 3267 106 32 emploi
4512 3269 129 32 d'engioe
4659 3273 143 28 prohibés.

4165 3371 117 35 LA
4345 3360 366 54 RÉGION

4072 3438 249 86 Hlalouinc
4382 3452 50 72 eî
4496 3444 305 87 Dinanoaise

4101 3593 155 27 Marée*.
4286 3608 31 7 -
4342 3595 44 30 Do
4414 3599 77 33 j«odl
4513 3599 32 28 21
4574 3605 154 27 novembre
4773 3619 30 6 -

4065 3626 112 28 Pislae»
4222 3638 70 19 œen
4311 3639 6 19 :
4335 3633 91 26 malin
4442 3641 7 19 :
4481 3637 107 26 Minai»
4603 3637 34 27 42
4650 3645 8 25 ;
4683 3645 118 22 uantear

4062 3660 17 28 9
4100 3671 25 19 m
4154 3663 41 34 26;
4217 3666 56 26 loir
4305 3666 12 26 1
4336 3667 31 27 h.
4389 3666 30 28 18
4433 3677 7 24 ;
4459 3671 118 26 baatear
4589 3679 6 18 :
4611 3671 17 26 0
4644 3681 39 18 m.
4703 3674 45 27 69.

4069 3700 92 24 «•««s.
4181 3707 70 19 rner«
4267 3710 6 17 :
4292 3704 91 26 matin
4408 3703 15 25 7
4440 3704 15 26 h
4480 3704 46 31 41;
4553 3707 136 27 baatear:
4704 3710 17 26 4
4737 3718 39 20 m.
4794 3718 8 18 :

4063 3733 54 26 •oir
4134 3732 38 27 :8
4187 3735 31 27 b.
4238 3736 31 26 21
4285 3743 8 22 ;
4315 3738 118 26 baatear
4448 3738 39 27 :3
4505 3749 41 19 m.
4564 3741 34 27 52

4098 3769 76 26 Bn«
4187 3769 48 26 4e
4253 3771 143 25 Dtuard
4472 3775 190 33 AnJeaM'bai
4690 3777 32 27 21
4750 3788 32 20 no-

4063 3807 113 25 vembre
4194 3807 130 27 :de7h.
4338 3806 34 28 30
4384 3810 14 24 *
4411 3807 18 27 8
4487 3808 34 27 30
4545 3820 53 18 aax
4617 3813 83 34 Beyi.
4729 3815 64 28 »h.

4063 3839 31 26 Ï0
4117 3840 126 27 douteux
4258 3848 7 24 ;
4281 3841 33 26 de
4331 3842 31 26 10
4377 3842 28 27 h.
4429 3843 33 27 30
4486 3847 15 26 à
4522 3846 17 26 4
4563 3847 30 26 h.
4619 3848 44 32 10,
4691 3854 60 24 cale
4767 3853 33 26 de

4063 3873 105 31 Diaaa;
4185 3882 17 18 •
4218 3875 32 28 h.
4269 3874 34 27 30
4317 3876 132 27 douteux.

4465 3940 291 33 SAIXT-MALO

4101 3974 115 31 Noble
4230 3979 228 31 centenaire.
4548 3983 50 31 Aa
4628 3993 76 30 pay»
4733 3997 43 20 ma-

4062 4015 93 34 lonlo,
4170 4017 20 27 il
4207 4025 20 30 y
4240 4026 74 21 aura
4345 4020 250 35 prochainement
4624 4033 58 20 une
4696 4035 84 22 cente-

4061 4056 94 33 naire,
4174 4056 83 31 Mme
4272 4057 37 30 de
4325 4058 28 27 la
4371 4059 71 28 Part
4461 4061 104 33 Barré,
4583 4064 51 35 qui
4650 4064 103 31 habita
4769 4069 27 28 le

4061 4094 174 32 chiieaude
4252 4095 41 31 La
4310 4096 71 32 Part
4397 4098 104 35 Birré,
4520 4102 17 27 à
4559 4102 217 33 Saint-Méloir-

4061 4133 182 32 dtiOadei.
4272 4135 69 32 Elle
4377 4147 18 20 a
4422 4142 374 35 qaaire-vingl-dix-neu(

4058 4181 56 21 ani
4129 4180 26 22 et
4168 4174 70 31 neuf
4246 4176 119 31 mois,et
4380 4179 76 35 jouii
4469 4180 38 30 da
4522 4186 94 25 tontes
4633 4191 46 21 «ei
4696 4183 84 30 facul-

4061 4214 50 27 té».
4127 4212 24 30 Il
4168 4221 20 27 y
4213 4222 19 20 a
4254 4220 109 32 quatre
4390 4219 87 33 moi»,
4507 4220 59 30 elle
4593 4219 34 31 il
4656 4222 77 30 dan»
4759 4232 34 21 la

4058 4252 146 31 chambra
4219 4263 60 21 une
4291 4256 91 30 chute
4396 4257 98 31 mivie
4511 4258 89 32 d'une
4620 4260 174 33 aboidanie

4059 4291 189 38 hémorragie
4263 4298 28 25 et
4305 4294 73 30 dont
4403 4297 59 30 elle
4486 4297 69 31 »'e«t
4579 4302 214 31 parfaitement

4059 4330 120 31 remiie.
4199 4331 22 30 I!
4239 4341 19 28 y
4273 4342 18 20 a
4305 4333 71 28 troii
4402 4343 65 26 ani,
4482 4337 58 30 elle
4569 4338 73 30 était
4665 4341 31 28 la
4722 4343 72 34 plaa

4057 4369 67 37 gaie
4140 4378 39 21 au
4194 4372 136 35 mariage
4344 4374 37 28 de
4397 4382 33 20 «a
4449 4376 90 37 petite
4564 4378 93 30 nièce,
4677 4378 65 32 fille
4755 4382 39 30 de

4058 4417 31 19 «a
4103 4408 61 31 fille
4180 4410 177 38 d'adoption
4371 4413 155 33 Gabrielle
4550 4415 37 31 de
4609 4417 30 30 la
4652 4419 83 30 Tour
4750 4422 43 28 do

4059 4447 112 35 Breuil,
4191 4454 27 26 et
4233 4450 39 30 du
4290 4454 136 35 marquii
4440 4454 35 30 de
4492 4455 28 27 la
4546 4454 176 43 Mouieaye.
4741 4459 51 31 fila

4056 4486 40 30 du
4110 4491 123 33 général
4248 4491 37 28 de
4313 4499 33 21 ce
4372 4500 85 21 nom.
4480 4493 76 32 Mlle
4571 4496 37 28 de
4630 4499 28 26 la
4683 4498 106 30 Moo»-

4056 4533 72 30 «*ye
4142 4528 137 34 époaiail
4293 4538 41 21 ma
4350 4531 35 28 de
4409 4539 46 24 »e»
4481 4534 133 34 oou»ios,
4635 4535 41 30 M.
4693 4538 37 28 de
4743 4538 47 30 La

4059 4565 70 31 Port
4148 4566 105 37 Barré,
4278 4570 40 28 du
4346 4571 128 31 château
4499 4572 52 31 de»
4577 4572 175 38 Courtille»,
4772 4580 19 27 à

4057 4604 266 39 Saint-Coulomb,
4339 4615 28 25 et
4383 4611 27 30 le
4433 4612 69 37 père
4515 4620 18 21 a
4546 4613 44 30 lui
4605 4616 99 31 même
4721 4617 69 38 plaa

4057 4645 34 28 de
4108 4649 221 35 quatre-vingt»
4351 4656 66 22 ans.

4096 4684 48 31 Un
4159 4694 40 21 an
4226 4688 98 37 aprô»,
4355 4688 119 32 l'auule
4502 4693 125 30 vénérée
4655 4695 93 31 tenait
4770 4701 17 26 1

4054 4731 221 31 ac«omp»gaer
4298 4727 143 38 juiqu'au
4467 4729 154 33 cimetièie
4643 4742 53 22 «on
4711 4743 57 30 gen-

4054 4762 61 35 dre,
4134 4765 27 30 le
4176 4766 136 37 marqui»
4328 4767 38 31 de
4378 4768 31 30 la
4424 4767 174 41 Monnaye.

4091 4814 150 31 Conseil
4273 4819 213 39 Municipal.
4585 4824 41 32 Le
4662 4826 125 33 Conieil

4054 4858 168 35 maiieipal
4250 4866 31 24 »e
4304 4859 123 32 réunira
4453 4863 27 30 le
4500 4864 145 32 vendredi
4672 4867 39 30 22
4735 4876 39 21 no

198 4962 172 31 Feuilleton
381 4961 38 31 de
435 4959 118 31 VOutti
569 4958 113 31 Eclair
782 4959 35 28 14

78 5066 296 133 Madame
410 5057 409 141 CORENTINE

231 5231 89 44 Par
348 5228 124 47 René
502 5224 167 48 BAZIN

415 5348 60 30 VII

119 5432 59 32 Lui
195 5431 94 31 aussi,
306 5431 22 30 il
358 5430 83 31 avait
455 5432 46 28 é<è
528 5430 120 30 rouvrir
676 5430 31 28 la
723 5432 94 34 porte,

80 5485 122 22 comme
217 5476 46 30 s'il
280 5481 39 24 ne
354 5474 98 28 savait
481 5481 54 30 pas
552 5474 71 28 bien
635 5473 70 37 quel
722 5478 97 30 temps

80 5522 24 30 il
119 5519 115 33 faisait,
262 5523 28 26 et
307 5518 24 31 il
344 5518 74 30 était
433 5526 112 21 revenu
561 5525 38 21 en
613 5517 149 30 haussant
777 5517 43 28 les

80 5565 137 38 épaules,
236 5567 191 26 mécornent.

124 5609 38 28 Sa
178 5607 65 31 fille
257 5607 30 30 al
294 5608 54 30 née
376 5606 73 31 était
477 5606 154 30 remontée
659 5611 119 21 comme
800 5602 21 30 il

83 5652 124 32 entrait.

174 5694 38 32 Je
226 5694 65 28 vais
305 5694 111 38 quitter
432 5701 72 21 mon
527 5695 154 30 manteau,
699 5692 79 37 père,
795 5693 30 27 et

84 5741 98 31 écrire
196 5741 18 27 à
230 5737 215 32 Sain*-Hèlier
461 5735 52 32 Un
529 5741 63 25 mol
611 5737 113 37 presié.

126 5783 67 32 Elle
209 5783 113 31 n'avait
338 5790 65 21 non
418 5781 86 30 écrit.
548 5779 67 31 Elle
635 5778 117 31 n'avait
769 5786 56 28 pas

81 5830 111 30 enlevé
208 5836 53 19 son
282 5832 157 22 manteau.
458 5823 66 31 Elle
540 5832 32 21 se
585 5823 94 31 tenait
693 5823 132 30 derrière

85 5874 32 31 la
132 5871 113 30 fetêire
261 5870 37 28 de
314 5869 28 28 la
358 5868 157 33 chambre,
531 5869 138 28 écartant
685 5867 41 28 du
742 5865 84 37 doigt

84 5919 31 28 le
130 5915 117 33 rideau,
265 5915 27 30 le
307 5913 80 31 front
403 5914 122 35 appuyé
549 5919 52 21 sur
621 5911 43 28 les
679 5909 104 35 vitrer,
798 5913 27 25 et

84 5957 202 38 •lieessayait
296 5957 39 30 de
343 5956 190 30 reconnaître
543 5952 282 40 quelqu'un,parmi

86 6006 46 30 les
148 6011 76 28 gens
239 6001 53 38 qui
318 6000 168 30 arrivaient
507 5999 41 30 du
579 5998 130 38 pardon,
724 6002 28 25 el
768 6004 45 22 tra-

85 6046 158 31 versaient
260 6046 27 28 le
301 6043 86 39 quai.

129 6090 71 33 l'ne
215 6092 80 27 sorte
309 6087 174 35 d'angoisse
496 6087 30 28 la
541 6085 94 32 tenait
652 6086 41 33 là,
716 6085 90 30 immo-

84 6137 76 30 bile.

130 6176 159 35 Panerait
305 6176 22 30 il
338 6175 17 31 ?
370 6175 48 30 Oh
432 6174 7 28 1
457 6175 191 30 Maintenant
659 6174 58 30 elle
732 6171 98 31 savait

86 6227 74 30 bien
178 6221 73 39 qu'il
269 6221 52 37 n'y
335 6219 100 31 aurait
452 6227 54 28 pai
535 6217 37 31 de
591 6219 98 32 loène,
707 6224 54 28 pai
793 6215 38 30 4e

89 6267 150 33 tentative
254 6273 76 30 pour
351 6270 158 22 emmener
526 6260 138 32 Simone.
703 6260 25 31 Il
746 6259 85 31 avait

89 6322 44 21 TU
146 6309 142 33 l'entant.
318 6306 38 31 El
369 6306 21 31 il
420 6305 116 32 n'avait
557 6306 65 30 rien
637 6304 57 31 fait
709 6312 77 28 pour
801 6312 30 20 te

90 6360 141 28 montrer
244 6353 18 30 4
278 6352 71 34 elle,
380 6351 65 30 rien
461 6350 96 37 qu'an
572 6358 65 26 pai,
654 6347 171 31 d'initinct.

93 6402 78 31 Paii
185 6400 22 30 il
224 6396 100 34 l'était
339 6396 107 28 arrélé.
472 6392 119 38 Malgré
605 6392 70 34 elle,
689 6391 144 32 madame

92 6444 169 32 Corentice
276 6443 41 30 lui
332 6439 74 34 éUil
420 6437 260 40 reoopnainante.
710 6436 25 31 Il
751 6435 81 31 avait

872 4945 50 37 agi
937 4952 38 21 en
989 4945 106 34 galant
1110 4943 123 30 homme
1248 4942 202 31 Assurément
1463 4944 31 28 la
1511 4946 77 26 tenta-

873 4987 63 31 tion
951 4987 83 30 avait
1046 4988 46 28 été
1108 4985 109 30 forte...
1238 4984 76 35 Quel
1329 4985 104 37 visage
1448 4985 85 31 triste
1548 4984 51 32 1...

874 5031 107 33 Quelle
994 5030 51 30 vie
1059 5037 33 22 ce
1108 5028 102 31 devait
1235 5029 63 31 Aire
1312 5029 18 28 à
1346 5028 195 32 Lannion...
1573 5030 30 28 la

874 5082 113 27 sienne,
1006 5076 18 27 à
1038 5074 112 30 e11e...
1169 5076 40 32 et,
1227 5076 69 34 pins
1311 5072 70 32 vide
1395 5081 119 28 encore,
1532 5082 71 21 sani

873 5118 115 33 enfant,
1006 5126 71 22 sans
1093 5118 104 30 rien...

913 5170 100 32 Chose
1026 5171 124 37 étraege
1163 5171 8 27 1
1189 5169 46 32 En
1251 5173 122 34 parlant
1388 5169 37 32 de
1437 5169 116 39 Jersey,
1577 5170 30 31 la

875 5215 80 31 seule
973 5215 233 38 préoccupation
1218 5213 110 38 qu'elle
1341 5215 84 30 avait
1436 5213 171 34 eue,o'éiait

876 5258 34 28 de
925 5258 109 38 garder
1050 5267 32 19 sa
1098 5256 65 32 fille
1178 5267 7 26 ;
1213 5258 58 30 elle
1285 5257 115 28 n'avait
1415 5261 94 33 songé
1537 5257 70 38 qu'à

876 5301 138 31 Simone.
1048 5302 40 30 Sa
1117 5310 107 28 propre
1251 5301 145 31 situation
1424 5301 44 31 lui
1502 5301 72 31 é'ail
1591 5302 17 28 à

878 5347 86 37 peine
978 5354 149 30 apparue.
1163 5344 37 31 Et
1215 5344 26 30 si
1254 5346 59 31 elle
1339 5344 81 31 avait
1436 5354 41 22 on
1493 5344 115 32 instant

878 5393 93 32 prévu
987 5394 28 25 la
1030 5389 170 38 possibilité
1233 5389 91 30 d'une
1350 5396 158 22 rencontre
1535 5398 74 21 avec

879 5434 31 30 M
938 5435 8 27 I
961 5434 129 33 Hèréec,
1119 5433 99 30 o'étail
1232 5441 74 21 avec
1335 5441 40 21 nn
1391 5434 163 28 sentiment
1584 5433 25 28 si

878 5478 43 31 vif
935 5479 35 28 de
986 5485 47 22 ses
1050 5485 151 22 ranounes
1215 5480 30 27 et
1273 5477 35 30 de
1325 5485 47 21 ses
1388 5477 96 31 droits
1499 5476 110 39 qu'elle

876 5523 69 32 n'en
961 5522 81 30 avait
1057 5530 53 28 pas
1124 5522 133 38 éprouvé
1272 5522 31 30 la
1318 5520 139 31 moindre
1476 5520 133 31 émotion

879 5575 73 31 pour
966 5565 59 32 elle
1043 5567 112 30 même.
1186 5564 28 31 A
1244 5567 131 35 présent,
1406 5565 110 37 depuis
1552 5572 59 22 une

878 5619 103 26 aenre,
997 5610 59 30 elle
1072 5617 31 21 se
1117 5610 111 28 sentait
1257 5608 130 30 envahie
1403 5616 53 30 par
1472 5617 41 20 un
1528 5611 66 26 trou-

880 5657 46 28 ble
940 5662 154 22 nouveau.
1113 5652 122 39 Ma'gré
1248 5662 54 20 son
1319 5652 99 33 effort,
1437 5653 59 30 elle
1511 5661 38 22 ne
1564 5660 28 24 re-

880 5698 130 31 trouvait
1026 5699 67 37 plus
1108 5702 76 25 cette
1199 5696 78 31 belle
1299 5696 210 34 indifférence,
1525 5705 39 21 on
1579 5704 34 24 ce

881 5743 122 37 mépris,
1020 5743 106 28 faciles
1143 5740 38 30 de
1196 5741 103 30 10in...

919 5807 58 31 Les
993 5807 131 38 pèlerins
1153 5805 167 35 défilaient,
1346 5809 28 28 et
1390 5805 128 31 l'ombre
1534 5810 57 26 tom-

881 5851 73 28 bait.

919 5907 96 32 Allait
1030 5908 33 35 il,
1090 5915 119 22 comme
1238 5907 43 31 les
1315 5910 113 32 autres,
1460 5906 103 32 suivre
1586 5908 27 31 le

881 5952 84 38 quai,
981 5960 71 21 sans
1068 5952 81 31 lever
1165 5952 44 31 les
1222 5959 80 31 yeux
1319 5957 67 24 vers
1419 5952 30 28 le
1463 5950 80 38 logis
1557 5959 38 22 en-

882 5996 86 30 foncé
983 5999 84 26 entre
1082 5996 43 28 les
1141 5996 135 27 maisons
1292 6002 112 21 neuves
1419 5993 17 30 ?
1463 5994 76 30 Peut
1553 5995 60 28 être

882 6040 20 28 il
918 6039 73 30 était
1016 6039 70 37 déjk
1113 6040 98 35 passé,
1241 6039 78 30 dans
1348 6038 187 37 quelqu'une
1561 6038 52 30 des

882 6083 133 31 voilures
1044 6081 197 38 d'étrangers,
1267 6081 63 30 vile
1356 6081 170 37 disparues.
1550 6081 66 33 Que

883 6126 44 30 lui
940 6125 156 39 importait
1111 6125 78 30 done
1202 6125 125 31 ?...Elle
1339 6133 31 22 se
1384 6125 28 31 1«
1426 6125 188 30 demandait.

888 6171 65 30 Elle
967 6180 32 21 se
1013 6169 92 30 disait
1130 6169 111 38 qu'elle
1256 6170 91 28 serait
1362 6169 69 38 plus
1450 6169 164 38 tranquille

885 6213 135 39 lorsqu'il
1036 6211 100 32 aurait
1150 6211 96 39 quitté
1263 6213 119 35 Perros,
1397 6216 28 27 et
1441 6220 58 31 que
1514 6211 100 32 c'était

886 6267 54 21 son
951 6256 105 33 devoir
1067 6257 38 28 de
1115 6257 81 30 mère
1207 6256 37 31 de
1260 6257 100 31 veiller
1371 6259 141 32 encore,t
1525 6265 91 22 cause

886 6302 37 31 de
935 6301 125 31 Simone
1077 6300 38 30 Et
1124 6301 59 30 elle
1192 6300 83 30 avait
1285 6300 214 31 laconsoieece
1509 6300 107 31 intime

886 6346 110 38 qu'elle
1007 6354 32 20 se
1055 6344 128 31 mentait
1196 6346 18 28 k
1227 6344 59 31 elle
1302 6343 162 33 même-Et
1478 6345 58 30 elle
1551 6352 47 22 res-

888 6390 63 34 tait,
967 6389 30 31 la
1011 6389 57 32 têts
1083 6387 125 33 ardente
1222 6396 52 24 sur
1287 6389 31 31 la
1333 6389 77 32 vitre
1424 6396 59 32 que
1498 6387 28 32 le
1541 6391 70 30 vent

888 6433 143 30 seoouait.

1703 4944 83 28 D«ns
1802 4949 76 24 cette
1906 4944 181 37 inquiétude
2105 4946 37 30 de
2178 4949 61 26 tout
2256 4955 56 21 *on
2324 4950 73 31 ôire,

1664 4987 141 31 madame
1833 4987 176 35 Corentine,
2039 4988 129 31 l'oreille
2203 4990 111 28 tendue
2340 4998 60 20 aux

1662 5030 96 30 bruits
1774 5031 41 30 du
1851 5031 123 33 dehors,
2001 5031 138 31 entendit
2166 5033 28 31 le
2222 5041 57 30 pas
2295 5034 106 37 rapide

1662 5073 74 32 d'nn
1750 5075 106 31 oheval
1887 5075 87 31 lanoé
2004 5083 52 21 sur
2083 5078 32 28 la
2144 5080 90 34 pente
2259 5078 41 30 du
2326 5078 76 33 haut

1665 5118 150 37 Perros,el
1830 5118 52 38 qui
1899 5127 32 21 *e
1946 5120 188 30 ralentissait
2147 5130 38 21 eu
2203 5121 86 37 place
2304 5121 96 31 droite

1664 5170 51 22 sur
1728 5163 27 30 le
1770 5167 80 32 port.
1885 5161 69 32 Elle
1978 5167 51 27 eut
2055 5164 30 30 la
2100 5165 148 30 certitude
2262 5174 59 27 q-e
2335 5166 65 30 cela

1664 5205 100 31 devait
1780 5206 61 31 être
1854 5215 33 21 »
1900 5206 128 34 voiture,
2043 5207 18 28 à
2078 5207 58 30 lui.
2158 5207 69 32 Elle
2239 5218 39 21 ne
2306 5210 94 30 lais<a

1665 5251 67 34 plus
1749 5250 112 38 q-i'une
1877 5251 102 31 minoe
2006 5251 100 31 bande
2120 5254 37 27 de
2173 5254 105 30 rideau
2298 5255 84 31 soule-

1665 5298 66 26 vée.
1754 5293 67 32 Elle
1835 5294 128 31 s'écarta
1981 5304 43 20 un
2043 5303 69 28 peu.
2143 5295 39 30 El
2197 5306 43 21 un
2255 5298 145 31 oabriolet

1665 5337 92 31 tendu
1787 5337 37 31 de
1851 5337 83 38 bleu,
1963 5337 110 40 qu'elle
2101 5341 190 30 connaissait
2319 5342 80 37 bien,

1665 5383 110 37 longea
1789 5382 181 31 l'extrémité
1987 5383 38 31 de
2036 5388 30 25 la
2080 5383 91 38 petite
2187 5385 96 35 plaça,
2303 5386 79 30 lente-

1665 5430 98 26 ment.
1795 5425 26 31 Il
1845 5425 125 31 s'arrêta
1997 5435 59 21 une
2083 5427 144 31 seconde.
2261 5426 67 33 Uue
2343 5430 58 31 tète

1665 5469 19 31 b
1703 5478 59 22 une
1776 5474 27 26 et
1817 5469 76 32 forte
1906 5478 33 22 se
1955 5470 119 38 penoLa
2101 5479 39 22 en
2167 5471 120 37 dehors,
2306 5477 28 26 et
2353 5481 33 21 re-

1665 5515 96 34 garda
1774 5515 44 30 les
1834 5513 79 30 deux
1928 5513 129 31 fenêtres
2072 5515 83 32 l'une
2169 5516 90 38 aprèi
2281 5516 118 31 l'antre.

1669 5557 84 35 Puis,
1770 5567 41 21 un
1828 5567 78 26 ooup
1918 5557 35 31 da
1967 5558 125 34 fouit,le
2107 5559 107 31 oheval
2229 5559 170 35 s'emballa,

1665 5606 28 25 et
1707 5601 146 31 oontinua
1869 5609 66 22 vers
1950 5602 28 30 le
1991 5606 144 26 tournant
2151 5602 37 31 de
2204 5602 89 31 Sain!
2311 5603 90 38 Quay

1704 5644 91 30 Alors
1811 5644 81 28 deux
1906 5644 111 31 larmei
2034 5644 146 37 jaillirent
2196 5646 56 31 des
2265 5655 78 28 yeux
2363 5647 38 31 de

1668 5691 142 27 madame
1822 5688 180 31 Corentine.
2036 5688 118 31 Devant
2183 5693 76 27 cette
2272 5691 130 31 douleur

1667 5735 112 26 ■nette
1791 5735 28 27 et
1835 5733 157 30 maîtresse
2007 5731 217 37 d'elle-même,
2242 5733 112 32 devant
2368 5743 34 24 oe

1669 5774 142 31 souvenir
1822 5774 168 32 silencieux
2001 5776 128 31 accordé
2140 5778 15 28 à
2171 5776 159 37 Simone,à
2343 5779 59 30 elle

1668 5819 159 37 peut-être,
1845 5828 56 22 son
1916 5828 84 21 coeur
2014 5828 32 24 se
2060 5820 115 31 fondit.
2193 5820 67 33 Elle
2277 5824 120 35 pleura.

1670 5862 67 31 Elle
1750 5862 155 37 a'enfooça
1919 5864 78 30 dans
2017 5864 27 30 le
2059 5864 139 34 fauteuil,
2215 5869 144 26 tournant
2373 5867 30 30 le

1669 5908 53 28 dos
1737 5907 18 31 4
1775 5907 28 30 la
1817 5907 123 35 fenêtre,
1957 5911 28 26 et
1998 5907 58 31 elle
2074 5916 32 21 se
2122 5909 91 28 sentit
2225 5908 174 32 misérable.

1671 5950 124 30 Simone
1811 5950 43 27 lui
1867 5954 90 32 parut
1968 5957 119 24 comme
2099 5959 41 22 nn
2152 5952 81 38 jouet
2246 5952 52 38 qui
2310 5960 74 21 ooou-

1671 5993 61 38 pait
1747 5996 28 26 et
1788 5993 51 37 qui
1854 6001 39 21 ne
1909 5994 187 37 remplissait
2119 6004 56 28 pas
2190 6004 33 20 sa
2238 5996 58 28 vie.
2323 5995 79 31 Tout

1669 6038 28 30 le
1711 6035 118 35 faotioe,
1847 6040 63 26 tout
1925 6038 27 31 le
1968 6046 139 22 oonvenu
2122 6039 38 30 de
2176 6048 56 20 son
2245 6039 156 30 exislenoe

1670 6080 110 39 qu'elle
1794 6080 113 30 n'avait
1922 6081 111 37 jamais
2049 6083 92 30 voulu
2154 6083 77 33 voir,
2246 6081 123 32 éolatait
2383 6084 18 28 &

1670 6133 46 21 ses
1730 6131 91 32 yeix,
1841 6124 117 39 malgré
1982 6125 69 34 aile,
2069 6133 72 22 avec
2170 6133 60 24 une
2256 6125 146 32 évidence

1670 6169 143 34 affreuse,
1827 6172 27 26 et
1867 6176 33 22 ce
1913 6177 167 28 mensonge
2114 6170 155 38 perpétuel
2291 6169 111 38 qu'elle

1671 6211 97 32 a'était
1782 6211 54 30 fait
1852 6214 18 26 &
1893 6213 176 32 elle-même
2096 6221 77 30 pour
2236 6213 165 37 persuader

1670 6256 110 38 qu'elle
1793 6255 73 31 était
1880 6255 157 37 hsnreuse,
2044 6257 111 38 qu'elle
2169 6256 100 31 aurait
2284 6257 30 30 la
2329 6257 71 37 paix

1671 6298 178 33 désormais.
1867 6298 128 33 Comme
2009 6305 63 26 tout
2086 6302 66 30 oeia
2170 6301 97 31 s'était
2281 6302 122 30 écroulé

1670 6352 37 22 on
1723 6352 60 22 una
1798 6343 128 34 minute,
1942 6353 38 21 ou
1995 6345 109 37 pletét,
2143 6353 119 21 oomme
2276 6345 58 31 elle
2348 6354 35 20 vo-

1671 6387 61 39 yait
1743 6387 70 31 bien
1826 6394 57 31 que
1894 6390 64 27 tout
1968 6390 65 31 oela
2043 6389 115 32 n'avait
2170 6389 110 38 jamais
2293 6387 105 38 existé,

1672 6441 57 32 que
1743 6441 56 25 ton
1814 6439 85 24 cœur
1911 6432 72 32 était
1998 6433 195 39 vide.qu'elle
2207 6433 83 33 avait
2304 6433 96 39 perdu

2456 4951 132 34 quelque
2609 4954 91 26 ohose
2730 4959 58 26 que
2822 4954 67 28 riea
2914 4961 39 21 ne
2982 4956 216 33 remplacerait

2456 4991 123 35 jamais,
2594 4993 112 37 jamais
2722 4993 71 32 Elle
2807 4994 172 32 demeurait
2996 4997 200 34 là,pleurant,

2456 5042 72 22 sans
2542 5044 43 21 un
2598 5036 90 30 effarl
2704 5037 37 30 de
2758 5039 133 34 volonté,
2910 5047 72 22 sans
2998 5047 43 22 un
3056 5040 137 31 remords

2456 5081 27 27 al
2498 5087 70 21 sans
2585 5088 40 21 an
2642 5081 189 35 projet,dans
2846 5082 31 30 la
2893 5083 242 34 contemplation
3150 5083 43 31 du

2456 5126 61 26 ■orl
2531 5122 93 38 digne
2639 5125 39 30 de
2692 5124 73 39 pi'ié
2799 5126 53 37 qui
2869 5127 74 28 était
2966 5127 28 30 le
3009 5127 77 35 sien,
3104 5131 28 27 el
3159 5127 38 31 de

2454 5165 11 30 1
2478 5166 97 31 iruaie
2590 5167 35 30 de
2642 5176 48 21 oes
2706 5169 202 38 séparations.
2926 5169 94 32 Entre
3034 5171 59 31 elle
3102 5176 30 26 et
3146 5176 46 26 oel

2456 5210 124 31 homme
2594 5212 52 35 qui
2663 5213 100 28 vêtait
2781 5213 38 30 de
2836 5220 116 30 passer,
2981 5215 21 30 il
3018 5223 21 30 y
3054 5216 81 28 avait
3152 5224 41 22 un

2456 5254 79 30 ar'ôi
2549 5254 37 31 de
2601 5255 119 38 juitioe,
2752 5255 21 31 il
2789 5264 21 28 y
2825 5257 84 28 avait
2937 5259 27 28 la
2980 5261 110 34 temps,
3107 5259 73 37 l'opi-

2456 5297 131 34 nion,les
2603 5300 229 31 ressentiments
2846 5301 96 37 aigris
2957 5311 56 27 par
3030 5302 163 32 l'éternelle

2458 5342 178 31 méditation
2652 5344 52 30 des
2720 5349 73 25 loris
2809 5344 38 31 de
2858 5344 119 33 l'autre.
3009 5347 43 31 Ils
3067 5355 38 22 na
3119 5347 57 31 s'ai-

2456 5385 116 32 maient
2585 5387 85 35 plut.
2704 5387 39 31 Il
2769 5389 183 34 oependanl,
2983 5399 76 28 pour
3087 5391 107 32 l'avoir

2456 5430 170 31 seulement
2653 5440 84 24 revu,
2763 5433 59 30 aile
2849 5435 163 33 éproavait
3040 5435 30 30 la
3094 5435 99 30 même

2456 5473 185 37 impression
2656 5476 175 30 d'abandon
2845 5484 60 30 que
2915 5477 53 31 dix
2980 5487 56 21 ans
3047 5479 69 37 plus
3131 5478 60 30 1611

2457 5516 80 31 Rien
2550 5517 105 31 n'était
2670 5520 131 33 changé.
2838 5528 15 19 «
2871 5519 130 32 Comme
3013 5522 52 38 j'ai
3080 5531 38 22 eu
3133 5528 59 26 tort

2456 5559 38 32 de
2507 5561 111 38 quitter
2635 5562 87 31 Saint
2741 5562 105 31 Hélier
2862 5561 6 32 I
2887 5570 15 20 »
2919 5567 122 35 pensait
3054 5567 69 31 elle.

2549 5604 207 33 Maman.cria
2773 5606 239 39 Simone,grand
3031 5611 70 34 père
3115 5619 76 21 vous

2457 5648 103 30 attend
2577 5657 74 28 pour
2666 5650 98 30 diner.
2781 5650 84 30 Vaut
2880 5657 74 24 avez
2965 5652 43 31 dû
3022 5654 96 31 éorire
3133 5663 59 20 une

2458 5691 69 31 bien
2541 5693 117 34 grande
2670 5694 97 33 lettre,
2785 5695 30 27 là
2830 5694 74 30 haut
2921 5692 7 31 I

2496 5734 70 31 Elle
2587 5737 137 38 épongea
2750 5738 191 38 rapidement
2970 5747 46 24 ses
3043 5750 91 27 yaux,
3163 5745 28 28 el

2456 5779 170 30 descendit.

2789 5865 77 30 VIII

2496 5952 48 31 En
2572 5953 28 30 !a
2629 5957 113 33 voyant
2769 5960 107 32 entrer,
2906 5957 39 28 Hi
2972 5962 123 25 crurent
3122 5962 67 27 tout

2457 5996 111 38 qu'elle
2582 5996 83 30 avait
2681 5998 102 35 pleuré
2798 6002 18 26 à
2829 6009 92 21 cause
2936 6001 37 30 de
2989 6000 132 37 Sallian,
3136 6004 53 37 qui

2457 6041 157 30 n'éoiivait
2629 6048 56 28 pas
2696 6040 39 31 Et
2746 6043 30 31 la
2790 6045 71 35 père
2875 6045 45 30 fut
2935 6048 122 27 oontent
3066 6045 38 31 de
3116 6054 54 28 pan-

2457 6092 46 22 ier
2518 6092 58 28 que
2591 6084 41 30 lei
2662 6085 79 28 deux
2757 6094 100 22 tœuri
2884 6087 112 33 étaient
3026 6092 109 27 ~estees
3163 6089 25 31 si

2457 6129 98 30 unies.
2568 6128 78 30 D'un
2661 6137 78 30 coup
2758 6129 96 37 d'dl,
2870 6132 21 28 il
2907 6131 34 31 fit
2955 6132 201 38 comprendre
3171 6133 18 28 à

2457 6172 164 30 Coremine
2646 6172 111 37 qu'elle
2783 6172 102 32 devait
2900 6184 32 21 ie
2946 6176 148 35 contenir,
3112 6185 76 27 pour

2456 6224 38 22 ne
2506 6224 54 28 pas
2574 6214 129 39 effrayer
2733 6215 100 33 Marie
2848 6216 99 38 Anne,
2978 6219 69 39 déjk
3070 6219 26 31 il
3110 6221 58 30 mal-

2456 6259 159 33 heureuse,
2633 6263 35 26 et.
2688 6254 76 35 dans
2781 6269 54 21 son
2851 6263 145 35 regard,!!
3011 6273 21 30 y
3047 6263 84 30 avait
3145 6272 41 24 un

2456 6304 229 30 remerciement
2698 6304 94 30 aussi.

2437 6361 9 20 v
2496 6346 44 31 La
2555 6346 118 37 bougie,
2692 6348 89 35 posée
2796 6356 52 22 snr
2876 6348 31 31 la
2920 6358 111 31 nappe,
3047 6351 138 32 éolairait

2456 6391 79 31 lenrs
2551 6390 129 37 vi«ag>s,
2699 6394 66 26 tous
2780 6396 106 34 quatre
2901 6394 156 32 soucieux.
3083 6396 26 31 G
3115 6404 70 26 jeu,

2456 6436 51 38 qui
2522 6435 83 32 avait
2620 6438 64 28 tant
2699 6436 84 38 parlé
2809 6437 28 33 le
2851 6436 73 39 loag
2940 6438 37 34 de
2989 6439 31 33 U
3035 6446 96 28 route,
3149 6448 38 25 ne

3255 4954 161 39 répoiidail
3431 4959 67 33 plus
3514 4964 59 28 que
3598 4964 56 28 par
3677 4959 227 35 mouotyllabes
3932 4969 61 21 aux

3254 4998 158 37 questions
3428 4998 37 30 de
3480 5007 33 21 sa
3529 4998 184 38 psliie-fllle,
3732 5002 52 37 qui
3800 5002 135 39 essayait
3950 5004 40 30 du

3256 5041 100 30 moins
3373 5042 37 28 de
3425 5050 124 21 teoouer
3565 5050 46 22 ses
3638 5052 125 30 propres
3778 5046 154 38 songeries
3961 5052 27 26 et

3259 5085 138 39 l'égayer
3410 5094 35 22 ci
3459 5094 89 30 repas
3560 5086 213 38 lugubre.Elle
3785 5089 178 32 demandait
3979 5100 9 22 :

3253 5135 15 20 n
3287 5130 136 30 N'est-ce
3441 5139 63 27 pas,
3516 5131 169 38 gran'père,
3703 5132 142 32 o'élaienl
3860 5134 69 31 bien
3943 5135 46 30 lei

3255 5173 131 37 pupilles
3403 5173 38 31 de
3455 5174 31 28 la
3506 5174 126 34 marine,
3664 5176 43 31 les
3738 5177 87 33 petits
3852 5187 72 20 avec
3951 5179 37 30 de

3252 5216 113 38 grands
3385 5219 63 27 cols
3463 5216 110 33 ?»Oa
3589 5219 67 31 bien
3673 5229 7 20 :
3696 5228 15 19 «
3729 5220 85 30 Dios
3828 5228 83 25 voire
3924 5223 50 37 jeu

3252 5268 97 27 nesie,
3366 5262 191 37 grand'pe-e,
3588 5264 28 28 le
3633 5264 115 35 pardon
3777 5265 37 31 de
3830 5267 28 28 la
3883 5267 104 30 Clarté

3250 5304 72 28 était
3347 5306 79 30 donc
3448 5314 110 21 encore
3594 5308 69 37 plus
3702 5308 76 31 beau
3813 5310 157 37 qu'aujour-

3250 5347 104 31 d'hui?
3370 5356 17 20 »
3403 5348 80 30 Mais
3498 5352 28 28 le
3541 5352 181 37 grand'père
3737 5357 28 26 si
3781 5353 32 30 M
3837 5356 41 27 rie
3898 5353 90 31 Aone

3250 5393 201 37 voyageaient
3464 5402 37 20 en
3519 5396 111 32 pensés
3645 5395 70 30 bien
3730 5396 63 30 loin
3810 5396 40 30 du
3868 5398 113 35 pardon

3250 5435 35 28 de
3304 5438 30 26 la
3348 5435 118 31 Clarté.
3502 5437 146 32 Madame
3670 5437 165 33 Corenline
3852 5443 135 35 revayaii

3249 5487 33 21 ce
3300 5480 146 30 cabriolet
3461 5481 98 30 anéié
3574 5481 111 32 devant
3706 5484 30 28 la
3752 5483 90 38 petite
3859 5484 85 37 plaoa
3958 5489 28 26 et

3249 5522 86 31 fliaul
3348 5524 130 35 ensuite,
3496 5526 17 27 à
3530 5530 79 26 toute
3626 5526 193 33 vilessa,vers
3843 5528 139 31 Lauoiou

3250 5567 25 30 Il
3292 5567 52 38 n'y
3361 5567 84 31 avait
3459 5569 96 37 qu'un
3569 5571 64 28 seul
3650 5574 146 32 moment,
3814 5571 111 35 fugitif,
3943 5582 39 21 ou

3248 5610 79 30 leurs
3339 5610 83 30 4-nés
3437 5613 116 31 fussent
3566 5614 18 30 à
3596 5613 146 31 l'unisson
3759 5614 110 31 C'était
3880 5617 104 35 quand

3247 5662 43 21 un
3306 5654 167 31 tourbillon
3500 5657 38 27 de
3552 5661 81 30 venl,
3659 5659 69 37 pins
3754 5657 58 30 forl
3844 5667 59 28 que
3933 5662 43 28 les

3247 5702 111 30 autres,
3376 5698 209 38 s'engouffrait
3601 5709 54 28 par
3670 5701 31 28 la
3711 5701 168 35 cheminée,
3895 5704 70 30 heur-

3248 5740 54 31 tait
3318 5743 41 28 les
3376 5743 96 30 volets
3487 5748 104 26 contre
3604 5745 44 30 les
3677 5753 94 26 murs,
3789 5750 27 26 el
3833 5750 148 33 poussait,

3246 5793 119 21 oomma
3379 5793 43 21 un
3437 5786 123 30 homme
3575 5787 52 37 qui
3639 5791 70 27 veut
3719 5792 145 31 entrer,la
3880 5790 102 32 vieille

3246 5832 84 33 porte
3345 5829 144 34 massive,
3507 5831 53 35 qui
3573 5839 32 21 se
3620 5831 92 30 levait
3725 5841 52 21 sur
3800 5841 48 22 ses
3862 5833 113 37 gonds.

3244 5870 103 35 Alors,
3372 5872 43 28 les
3450 5878 107 32 fnatre
3582 5875 144 31 convives
3754 5875 169 33 dressaient
3950 5878 31 27 la

3246 5916 65 31 téte,
3330 5919 28 26 ei
3392 5916 204 37 regardaient,
3626 5926 73 22 avec
3728 5928 40 21 un
3795 5920 123 35 frisson,
3935 5920 40 31 du

3244 5960 65 28 côté
3322 5957 39 31 où
3398 5960 30 28 la
3443 5968 64 22 mer
3533 5961 72 30 était
3640 5961 25 30 si
3693 5963 133 31 furieuse
3855 5965 76 30 dans
3947 5965 30 28 la

3246 6004 77 30 nuit.

3282 6045 28 31 A
3324 6046 118 35 chaque
3457 6046 69 35 fois,
3543 6047 28 31 le
3586 6048 156 38 oapitaine
3775 6050 130 32 remuait
3920 6059 56 22 ion

3244 6091 119 30 assiette
3380 6098 39 21 on
3435 6089 178 33 demandait
3632 6093 41 30 da
3685 6094 63 34 vin,
3767 6102 76 31 poar
3857 6096 102 28 détour-

3244 6143 52 22 ner
3311 6133 168 32 l'attention
3493 6135 37 32 de
3544 6135 267 34 Marie-Anne.Sa
3827 6138 91 38 petit*
3931 6138 45 31 lai

3243 6178 103 30 faisait
3363 6178 84 37 pitié.

3283 6221 26 31 Il
3325 6222 117 28 allnma
3474 6230 33 20 sa
3521 6223 81 38 pipe,
3621 6226 87 38 après
3724 6226 28 31 le
3767 6224 97 35 dîner,
3879 6228 38 33 et,
3934 6234 38 24 ne

3243 6266 126 30 tachant
3384 6265 70 38 [que
3481 6266 77 31 faire
3591 6276 76 30 ponr
3690 6269 123 30 ohasser
3846 6268 125 37 l'ennui,

3243 6308 148 30 décrocha
3406 6308 40 28 du
3457 6317 67 21 mur
3537 6319 41 22 nn
3594 6312 74 37 petit
3680 6311 107 31 bateau
3801 6311 73 38 qu'il
3888 6314 83 28 avait

3242 6353 148 30 oonstruit
3403 6353 144 28 autrefois
3575 6363 52 22 snr
3656 6356 27 32 le
3709 6356 119 31 modèle
3859 6356 38 32 de
3917 6365 54 22 son

3242 6394 86 32 brick
3344 6396 25 28 U
3384 6396 104 38 Ligué
3514 6398 26 28 11
3556 6397 102 32 s'assit
3673 6400 112 28 devant
3800 6400 27 30 le
3843 6400 60 33 feo,
3921 6409 48 24 set

3242 6441 78 32 deux
3348 6441 78 32 filles
3452 6442 18 31 à
3498 6450 32 22 sa
3559 6442 104 38 droite,
3703 6441 125 34 Simone
3846 6443 120 38 debout,

4048 4980 137 34 appuyée
4200 4987 52 21 »ur
4266 4980 28 28 le
4322 4980 53 28 doi
4390 4981 38 30 de
4455 4982 30 28 la
4502 4983 115 34 ohaiie,
4631 4990 31 25 et
4674 4993 85 26 entre-

4049 5022 56 33 prit
4127 5020 37 30 di
4179 5021 172 32 dcmontrer
4368 5024 28 30 la
4409 5026 118 31 voilure
4539 5031 28 25 et
4581 5028 28 30 le
4624 5031 157 34 gréemenl

4045 5073 59 20 aux
4120 5063 170 33 Jer»iai»e».
4306 5067 206 33 Marie-Anne
4525 5073 99 30 lavait
4636 5079 64 25 tout
4716 5078 66 28 cela

4044 5112 28 26 ei
4088 5107 163 31 n'écoutait
4261 5112 104 37 gaère.

4084 5152 26 30 Il
4126 5152 69 31 n'en
4208 5156 73 28 était
4296 5156 70 37 qu'à
4401 5158 28 27 la
4448 5158 146 37 première
4610 5169 115 27 ver»ne
4742 5165 38 32 de

4045 5197 141 34 misaine,
4200 5199 103 37 quand
4324 5209 39 21 on
4378 5199 109 39 frappa
4501 5204 73 28 troii
4590 5212 93 31 coup»
4714 5210 18 27 à
4748 5210 31 30 la

4044 5245 96 30 porte.

4082 5284 87 32 Gaen
4185 5294 31 22 1e
4230 5287 152 31 demanda
4396 5297 41 22 an
4452 5289 116 33 instant
4580 5293 26 30 li
4624 5302 31 22 ce
4670 5296 105 31 n'était

4045 5336 52 32 pas
4111 5339 109 24 encore
4234 5331 28 30 la
4279 5331 139 38 tempête,
4435 5337 28 27 el
4474 5334 70 32 dil.•

4136 5374 109 30 Ealrtz
4261 5374 6 30 I

4081 5418 109 30 Toutes
4207 5419 41 30 les
4264 5420 94 32 voiles
4380 5421 41 31 da
4436 5424 73 35 pelil
4525 5425 107 31 bateau
4649 5430 109 38 olaqaô-

4041 5467 66 25 rent
4123 5464 176 28 afljlées.Ei
4312 5473 41 22 un
4367 5474 69 28 gros
4450 5466 135 38 homme,
4603 5472 51 34 qui
4671 5476 104 30 venait

4041 5505 19 30 d
4071 5507 102 28 ouvrir
4187 5509 28 27 la
4233 5513 81 31 porte
4329 5510 79 37 juste
4433 5519 83 21 asiex
4544 5522 74 27 pour
4635 5519 130 31 poavoir

4041 5557 31 22 •e
4085 5550 107 38 glisser
4220 5551 77 32 dans
4313 5555 243 37 l'appartement,
4587 5557 30 30 la
4639 5559 132 32 refevma

4039 5602 72 22 avec
4128 5595 96 35 peine,
4241 5604 39 22 en
4294 5602 158 33 appnyant
4468 5601 43 27 les
4524 5600 79 31 deux
4620 5604 110 31 mains.

4130 5639 77 31 Bien
4222 5642 27 28 le
4263 5641 132 35 bonsoir,
4413 5650 76 21 vous
4502 5648 67 25 tons
4587 5647 6 26 I
4611 5647 44 28 dit
4670 5648 34 30 il.

4078 5680 25 31 Il
4119 5681 83 31 avait
4217 5683 30 30 la
4258 5683 97 37 figure
4381 5687 96 28 inerte
4491 5689 28 26 et
4533 5695 120 25 comme
4670 5696 98 27 morte

4038 5725 50 28 des
4104 5725 137 33 hommes
4258 5733 67 32 trop
4339 5737 80 28 gras,
4437 5730 44 30 les
4496 5732 84 33 joues
4594 5741 159 31 rases,pen-

4037 5767 117 37 dantes,
4170 5772 122 30 cernées
4307 5780 59 21 aux
4382 5772 85 32 oeins
4489 5773 37 32 de
4541 5776 30 30 la
4586 5776 118 32 feoaohe
4730 5780 39 31 de

4035 5811 79 30 deux
4129 5813 135 38 virgules
4279 5816 38 30 de
4332 5817 78 37 poils
4437 5818 92 33 noirs,
4551 5819 41 30 les
4607 5829 81 28 yeux
4706 5826 64 27 tout

4035 5857 100 37 petits,
4150 5858 43 30 les
4208 5858 136 31 cheveux
4358 5861 61 37 gris
4435 5869 37 22 en
4487 5862 103 31 brosse
4606 5863 61 32 Son
4685 5875 63 22 com-

4035 5901 60 34 plet
4113 5901 38 31 de
4165 5903 145 31 molleton
4326 5903 86 35 bruo,
4431 5908 116 34 trempé
4561 5906 37 31 de
4613 5909 93 35 pluie,
4721 5911 47 30 Ini

4032 5944 128 31 donnait
4174 5954 41 22 nn
4232 5947 45 30 air
4290 5948 37 30 de
4339 5949 107 30 maître
4462 5956 125 25 nageur.

4072 5987 46 32 En
4135 5991 230 30 reconnaissant
4400 5993 27 28 le
4441 5993 110 35 syndic
4567 5994 52 30 des
4635 6004 77 28 gens
4728 5999 37 31 de

4032 6040 73 26 mer,
4124 6033 86 32 Guen
4224 6039 28 26 et
4267 6033 201 32 Marie-Anne
4482 6038 124 31 avaient
4619 6041 47 28 été
4681 6043 71 30 telle-

4032 6081 81 26 ment
4127 6078 102 35 saisis,
4241 6086 59 30 que
4313 6078 32 31 ni
4362 6078 63 32 l'un
4437 6079 32 31 ni
4486 6079 107 33 l'antre
4606 6083 158 35 n'avaient

4031 6122 136 35 rôpoDdu
4182 6123 18 27 à
4211 6131 54 20 son
4280 6123 92 28 salut.

4121 6164 25 31 Il
4160 6174 21 28 y
4195 6174 17 21 a
4227 6174 58 22 ane
4300 6165 133 37 dépêthe
4449 6167 35 32 de
4499 6169 30 28 la
4544 6170 120 32 marine
4678 6180 78 32 pour

4029 6216 85 27 vous,
4131 6209 162 37 oapitaine.
4349 6209 12 15 *

4069 6252 46 30 Ea
4140 6253 130 37 parlant,
4300 6254 146 33 l'homme
4475 6257 217 32 déboutonnait
4723 6270 35 21 sa

4028 6300 79 26 veste
4121 6304 72 22 aveo
4208 6296 98 37 peine,
4330 6299 37 28 de
4383 6300 28 28 la
4429 6300 97 32 m4me
4541 6302 85 31 main
4641 6305 78 31 dont
4733 6306 22 31 il

4026 6339 92 31 tenait
4136 6347 33 21 sa
4352 6343 37 31 de
4404 6344 61 30 soie
4482 6346 157 31 mouillée.
4661 6347 25 31 Il
4707 6357 31 22 re-

4026 6384 56 30 lira
4093 6392 41 21 nn
4150 6385 104 38 papier
4269 6385 74 39 qa'il
4358 6387 97 31 tendit
4469 6397 40 22 an
4524 6391 167 39 oapitaine.

4558 6451 40 40 (A
4609 6454 109 38 twvr«)
