4996 6817
1045 146 2856 480 LOiiest-Éclair

1045 626 1 0 t

341 478 84 131 5

241 641 274 60 centimes

4527 431 84 129 5

4430 587 276 65 centimes

1717 689 341 60 JOURNAL
2133 683 404 70 QUOTIDIEN
2621 677 628 60 D'INFORMATIONS

1225 813 660 78 DERNIERS
1946 797 964 84 TÉLÉGRAMMES
2970 797 170 73 DE
3203 795 171 72 LA
3431 795 314 72 NUIT

2701 894 13 12 *
3184 893 6 8 '
3268 902 6 7 «

1486 941 394 46 HENNES
2003 938 65 50 4,
2105 939 157 40 Ru©
2297 937 81 41 ôe
2413 938 64 39 la
2512 934 347 45 Olialotais,
2896 928 50 40 4
3067 926 394 43 RENNES
3496 961 373 58 TÉLÉPHONE

4434 887 167 41 Jeudi

4277 954 43 26 21
4350 952 265 28 NOVEMBRE
4639 956 81 25 1901

171 950 44 46 S*
239 950 171 46 Année.
441 948 56 46 N*
530 948 89 47 829

1130 1093 72 32 trot
1225 1102 27 20 tt
1278 1091 47 39 qui
1351 1098 125 22 MJHtrat
1498 1088 28 33 U
1550 1089 151 39 Jtfcitfisß
1721 1088 59 30 isit
1802 1088 54 28 tïxt
1878 1085 106 31 iDimt

1058 1140 1 40 ,
1093 1140 15 32 î
1129 1142 48 38 2g,
1200 1141 25 30 I»
1246 1142 149 35 girtcttar.

1134 1191 72 31 Sont
1241 1198 26 20 tt
1302 1189 47 37 qui
1384 1196 125 21 uractrut
1838 1183 60 31 fcsit
1932 1183 54 28 »t«

1095 1240 104 28 *brtii:
1224 1235 13 31 i
1259 1237 47 38 25-
1329 1235 270 39 r^bnriniitrittnr.

343 1098 471 45 ABONHEMEHTS
839 1115 9 27 :

715 1159 31 22 Un
751 1160 32 21 An
835 1159 35 24 fit
875 1160 54 22 toit
941 1159 118 22 Tro/tMolt

133 1200 287 31 DÉPARTEMENTS
435 1202 244 27 LIMITROPHES
704 1196 94 32 201.
844 1196 54 28 12
911 1196 25 30 F.
977 1195 63 32 61.

133 1251 143 24 AUTRE»
295 1247 74 27 DÊP
378 1254 177 20 VRTCMENI
563 1256 18 18 S
595 1263 80 12 ....
699 1240 59 28 24
847 1240 54 28 14
976 1240 26 28 7

2037 1123 306 41 EMMAHUEIi
2374 1108 315 56 DESGRÉES
2718 1126 69 37 DU
2810 1115 120 44 LOU

2246 1196 242 31 Directeur
2513 1196 209 37 politique

3039 1089 54 37 gci
3123 1087 107 38 gcititi
3261 1095 53 20 son
3341 1084 159 38 «ffnmt&iti
3531 1083 64 30 tout
3624 1081 229 39 rijourcuunmd

3001 1140 129 31 «fuser».

3041 1202 52 38 S»
3117 1200 161 31 manuscrits
3301 1209 53 19 non
3376 1200 102 28 ins«t»
3497 1208 33 20 n:
3553 1199 61 28 sont
3634 1205 51 31 (il
3706 1196 110 31 resta»,

4006 1058 162 37 TARIF
4201 1061 106 35 DES
4343 1061 333 35 INSERTIONS
4703 1071 11 25 :

3917 1109 193 28 ANNONCES
4130 1128 220 13 ........
4391 1106 65 33 30
4473 1119 176 21 CENTIMBB
4664 1120 41 21 LA
4719 1117 104 24 LIONS

3918 1149 184 27 RÉCLAMES
4341 1167 12 13 .
4394 1146 65 33 50

3919 1189 100 27 FAITS
4037 1188 128 28 DIVERS
4443 1185 13 33 1
4476 1191 117 28 FRANC

4058 1228 48 26 ON
4140 1228 139 28 TRAITE
4310 1230 106 26 AUSSI
4447 1232 28 25 A
4507 1230 159 28 FORFAIT

157 1378 72 43 lire
249 1382 18 38 à
288 1383 85 35 loir*
396 1378 35 40 3*
451 1388 81 41 pige
556 1378 47 40 les
625 1374 162 45 Rouelles
810 1372 38 44 ée
862 1374 27 41 l<

234 1456 318 69 DERNIERE
612 1452 208 72 HEURE

158 1586 79 83 Le
274 1584 249 81 discours
563 1581 69 83 de
658 1580 67 81 SI.
762 1580 128 81 Piou

203 1730 26 34 11
246 1733 76 32 faut
340 1730 111 33 savoir
470 1730 60 40 gré
554 1730 20 32 à
600 1726 47 35 M.
667 1726 89 34 Piou
772 1726 41 33 de
833 1735 57 22 SOB

158 1775 202 43 infatigable
380 1774 139 34 activité
539 1775 34 31 et
592 1773 43 32 de
659 1781 37 24 aa
709 1774 185 40 généreuse

158 1821 200 39 éloquence.

203 1864 131 43 Depuis
353 1861 79 44 plus
451 1861 81 33 d'us
565 1870 54 30 an,
644 1870 37 24 ce
699 1860 138 33 vétéran
854 1858 41 32 de

159 1919 63 22 nos
242 1907 106 34 luttes
367 1906 184 41 politiques
569 1907 33 31 et
618 1902 278 45 parlementaires

159 1952 185 41 témoigne,
367 1959 44 24 au
425 1950 129 33 service
574 1949 59 32 des
647 1948 91 33 idées
771 1946 106 33 libéra-

161 1996 61 38 les,
243 1997 79 31 dun
343 1995 70 32 zèle
442 1996 34 31 et
513 1994 22 32 d
548 2002 66 24 une
631 1991 145 33 verdeur
791 1990 104 43 qu'on

159 2050 43 22 ne
222 2042 180 30 rencontre
422 2047 59 32 pas
497 2037 155 40 toujours
671 2035 18 32 à
704 2036 103 39 degré
821 2033 74 43 égal

159 2083 83 33 chez
275 2083 41 32 de
350 2082 77 43 plus
445 2080 118 43 jeunes
582 2089 67 33 que
669 2078 59 34 lui.
751 2076 52 34 Ou
823 2078 73 32 dira

161 2128 180 43 peut-être
350 2135 89 22 —ce
458 2125 59 43 qui
530 2127 54 31 est
604 2122 293 43 vrai—qu'ayant

161 2180 81 33 reçu
262 2171 41 33 de
319 2170 96 37 haut,
432 2178 132 24 comme
582 2169 150 41 naguère
751 2165 89 34 MM.
856 2166 40 32 de

162 2215 87 35 Mun
286 2216 35 32 et
352 2213 145 33 Etienne
528 2211 120 44 Lamy,
689 2210 32 34 la
756 2209 139 34 mission

161 2258 213 48 d'organiser
387 2265 86 34 pour
494 2256 84 34 1902
596 2257 32 32 la
647 2252 143 35 victeire
808 2252 71 34 élec-

162 2307 109 31 torale
307 2303 40 32 de
380 2310 60 24 nos
475 2298 139 35 libertés
643 2298 209 44 religieuses,
873 2295 24 35 il

163 2347 87 35 n'est
288 2356 59 32 pas
385 2348 164 30 étonnant
586 2342 84 44 qu'il
697 2352 35 25 se
751 2343 145 40 dépense

164 2402 78 22 sans
261 2392 156 41 compter
435 2389 84 33 dans
535 2398 66 24 une
620 2387 27 33 si
663 2385 89 37 belle
765 2395 129 24 œuvre.

164 2435 135 44 Malgré
330 2435 77 32 tout
432 2433 201 41 cependant,
664 2441 37 22 6a
732 2430 165 33 vaillance

164 2476 269 48 quasi-juvénile
452 2479 34 31 et
507 2485 60 24 son
588 2476 228 32 dévouement
833 2483 67 34 que

164 2533 44 25 ne
244 2523 162 33 rebutant
438 2520 34 33 ni
510 2519 31 34 la
569 2519 206 41 complexité
806 2518 43 32 de
869 2517 32 33 la

164 2567 102 34 tâche
291 2565 35 33 ni
361 2565 32 33 la
424 2563 253 34 traditionnelle
696 2562 123 34 inertie
843 2562 57 32 des

165 2611 168 33 honnêtes
352 2617 94 34 gens,
469 2610 76 31 sont
561 2608 40 33 de
621 2616 87 25 ceux
722 2606 60 43 qui
793 2604 91 43 inspi-

167 2659 77 31 rent
282 2652 227 35 l'admiratioH
542 2654 33 31 et
620 2650 60 44 qui
717 2649 184 34 sollicitent

167 2698 187 37 l'adhésion
373 2696 146 33 cordiale
539 2696 59 32 des
630 2694 223 34 consciences.

211 2741 66 34 Les
309 2741 214 33 consciences
536 2739 7 30 1
579 2738 47 35 M-
660 2738 89 34 Piou
769 2738 65 32 sait
853 2737 48 33 les

169 2785 188 37 émouvoit,
379 2787 33 31 et
446 2783 84 34 c'est
562 2783 33 33 là
620 2791 77 25 sans
730 2781 105 33 douta
866 2790 37 24 ce

165 2832 65 43 qui
260 2830 81 33 rend
361 2838 35 24 sa
416 2826 115 45 parole
549 2826 30 34 si
611 2826 244 44 sympathique
869 2826 34 32 et

167 2877 33 32 ei
223 2872 183 39 prenante!

213 2919 124 38 Quand
356 2927 44 24 on
418 2916 40 34 ht
484 2924 81 25 avec
587 2915 171 33 attention
781 2911 32 35 le
830 2914 56 32 dis-

168 2973 103 24 cours
307 2959 84 45 qu'il
426 2969 19 24 a
483 2961 168 40 prononcé
671 2956 190 38 dimanche,
882 2960 19 30 &

169 3007 103 39 Lille,
295 3007 124 32 devant
438 3002 79 44 plus
536 3004 40 32 de
595 3002 20 33 4
632 3002 64 33 000
713 3001 188 39 auditeurs,

171 3063 43 24 on
235 3061 34 22 se
300 3052 74 31 sent
406 3058 67 32 peu
502 3051 19 30 à
554 3057 65 32 peu
653 3048 137 40 pénétré
820 3045 81 33 d'un

172 3105 93 25 amer
295 3097 112 39 regret
442 3100 9 25 :
485 3092 47 32 les
569 3100 142 33 moyens
730 3091 41 31 de
796 3089 94 39 publi-

172 3141 69 33 cité
256 3139 81 33 dont
358 3146 43 24 on
419 3136 136 43 dispose
587 3137 77 31 sont
696 3124 211 43 insuffisants

174 3185 28 32 si
222 3194 43 22 on
285 3182 47 34 les
353 3189 157 34 compare
529 3188 44 25 au
598 3178 79 33 bien
700 3177 60 44 qui
794 3176 93 35 résul-

176 3228 100 33 terait
305 3227 41 32 de
374 3224 32 33 la
424 3223 174 39 diffusion,
621 3224 19 32 à
673 3223 58 33 des
759 3221 149 34 millions

171 3269 273 41 d'exemplaires,
478 3269 20 32 d
514 3278 66 24 une
613 3265 138 45 pareille
782 3266 104 32 haran-

171 3326 72 34 gue
262 3315 83 33 dont
365 3313 139 34 l'accent
536 3313 41 32 de
596 3312 109 32 vérité
724 3313 34 30 et
777 3308 132 35 l'allure

172 3360 219 33 entraînante
409 3366 43 24 ne
474 3358 150 41 peuvent
657 3354 116 33 laisser
793 3354 97 33 insen-

174 3405 105 33 sibles
301 3410 67 33 que
389 3402 46 32 les
454 3407 83 35 gens
569 3400 41 32 de
641 3398 175 34 mauvaise
843 3397 58 39 foi,

176 3449 48 34 les
256 3448 176 44 ignorants
471 3454 46 24 ou
561 3443 47 34 les
640 3446 157 39 égoïstes.
824 3439 84 35 L'on

174 3491 162 33 voudrait
356 3498 66 32 que
441 3488 32 33 la
488 3487 113 44 parole
621 3487 40 32 de
681 3485 50 34 M.
748 3485 89 34 Piou
856 3485 54 32 fût

175 3547 43 22 «n
224 3536 125 32 tendue
360 3534 41 32 de
422 3535 78 30 tous
515 3541 86 24 ceux
615 3530 60 43 qui
692 3534 74 30 sent
777 3537 118 33 suscep-

177 3581 104 32 tibles
300 3580 41 31 de
373 3576 222 41 comprendre
698 3576 34 31 et
762 3575 83 31 dans
878 3576 31 28 le

180 3622 128 45 peuple
321 3622 43 32 de
389 3620 129 34 France
546 3618 43 34 ils
607 3620 77 31 sont
704 3618 112 43 légion
833 3619 7 27 l

181 3678 38 22 ce
234 3667 79 41 qu'a
332 3666 158 33 d'odieux
510 3666 33 30 et
576 3664 41 32 de
650 3661 168 33 contraire
848 3670 66 24 aux

180 3712 172 44 principes
396 3710 126 32 mêmes
559 3707 41 32 de
633 3706 32 33 la
697 3705 219 43 République

182 3756 90 34 cette
291 3754 189 41 entreprise
508 3752 41 33 de
580 3749 335 35 déchristianisation

182 3798 250 45 systématique
451 3801 19 30 fc
488 3795 146 43 laquelle
653 3804 85 24 nous
755 3794 162 33 assistons

181 3850 35 27 et
236 3843 81 33 dout
347 3843 46 32 les
413 3840 161 44 pouvoirs
608 3839 144 43 publics,
776 3837 139 33 serviles

182 3889 227 33 instruments
428 3886 41 31 de
489 3883 32 33 la
554 3883 229 40 Maçonnerie,
808 3891 85 33 pour-

178 3933 142 32 euivent
353 3930 189 32 lentement
575 3928 79 32 chez
691 3935 86 24 nous
807 3925 97 34 l'inté-

181 3976 96 44 grale
304 3974 204 32 réalisation.
541 3970 85 34 L'on
658 3970 161 33 voudrait
850 3978 67 33 que

184 4020 46 32 les
250 4019 86 33 amis
364 4018 43 32 de
433 4016 32 33 la
497 4015 120 33 liberté
646 4017 34 31 et
713 4013 47 33 les
784 4012 112 34 bénéfi-

184 4064 119 33 ciaires
331 4062 43 32 de
405 4061 122 33 l'ordre
555 4058 113 38 social,
691 4067 44 25 au
771 4057 70 34 lieu
874 4057 41 32 de

184 4108 111 43 gémir
327 4106 250 32 constamment
606 4111 59 24 sur
698 4102 31 32 le
765 4101 156 33 malheur

187 4153 60 31 des
288 4153 111 38 temps
430 4153 34 28 et
501 4148 47 32 les
575 4148 250 40 conséquences
862 4143 59 33 des

182 4206 21 20 «
237 4195 63 32 lois
327 4193 191 33 mauvaises
541 4201 28 26 »,
601 4191 194 43 apprissent
826 4192 19 31 à
862 4188 40 33 dé-

183 4239 109 34 mêler
312 4246 37 25 ce
367 4235 84 45 qu'il
481 4245 21 34 y
523 4244 19 24 a
560 4235 41 32 de
630 4234 67 33 bon
716 4235 34 32 et
770 4233 41 33 de
830 4232 91 44 juste

183 4285 86 32 dans
289 4280 48 35 les
358 4280 175 44 pratiques
548 4281 34 32 et
595 4278 47 34 les
658 4277 204 44 aspirations
882 4276 41 33 de

188 4328 33 33 la
240 4326 125 33 société
385 4325 161 33 moderne
565 4325 34 31 et
614 4326 22 30 *
671 4333 41 22 ne
745 4331 59 33 pas
837 4331 64 22 con-

188 4372 142 32 damner
348 4380 41 24 en
411 4368 74 35 bloc
519 4377 66 24 une
621 4365 195 44 législation
843 4364 73 44 qui,

193 4424 90 33 pour
301 4423 67 24 une
392 4413 129 44 grande
543 4413 89 41 part,
658 4411 177 41 peut-être
856 4408 53 33 vic-

185 4459 253 34 torieusement
488 4456 180 32 retournée
704 4456 117 31 contre
873 4452 48 33 les

184 4505 256 40 proscripteurs
470 4499 197 34 maladroits
686 4498 60 43 qui
778 4496 131 41 l'imagi-

185 4547 138 32 nèreat.

234 4591 102 33 Ainsi
354 4598 43 25 en
416 4586 96 35 est-il
528 4587 41 32 de
587 4586 31 33 la
632 4585 46 34 loi
715 4594 59 24 sur
802 4585 47 33 les
869 4593 38 25 as-

189 4635 185 34 fociations
394 4632 81 32 dont
496 4631 38 33 M
565 4631 87 33 Pion
678 4630 51 33 dit
743 4628 163 35 excellem-

194 4682 94 31 ment
308 4685 67 34 que
394 4685 17 21 «
430 4676 31 33 la
496 4675 228 43 proscription
758 4674 41 32 de
833 4671 76 43 quel-

195 4731 85 34 ques
300 4730 64 24 uns
383 4729 19 25 a
416 4721 87 32 servi
520 4720 41 33 de
580 4728 125 31 rançon
724 4720 19 31 à
756 4716 32 34 la
807 4716 123 33 liberté

195 4768 45 28 de
255 4769 77 27 tous
351 4774 31 22 ».

243 4808 84 35 L'on
365 4807 226 34 souhaiterait
639 4805 90 34 enfin
769 4814 67 33 que
885 4802 47 34 les

194 4853 260 34 conservateurs
495 4852 59 40 qui
607 4850 216 43 pourraient,
861 4846 71 33 s'ils

195 4898 34 34 le
261 4896 187 35 voulaient,
487 4893 189 34 constituer
711 4894 84 31 dans
835 4893 98 31 notre

195 4950 100 35 pays,
313 4950 59 33 par
392 4938 73 33 leur
481 4937 162 34 lourdeur
657 4938 177 37 méme.ua
848 4935 85 33 utile

198 4985 149 34 élément
379 4983 43 33 de
452 4983 184 33 résistance
664 4989 67 26 aux
768 4977 144 35 emballe-

198 5031 115 32 ments
332 5028 41 32 de
389 5026 131 43 l'esprit
531 5024 164 43 d'utopie,
709 5023 223 34 méditassent

198 5075 93 32 cette
311 5075 174 38 pressante
503 5069 194 41 péroraison
711 5068 47 32 du
777 5068 155 32 discours

200 5118 45 33 de
261 5115 45 34 M-
326 5114 89 34 Piou
430 5115 45 37 et,
496 5122 43 24 en
560 5112 162 43 profitant
748 5120 86 34 pour
854 5111 73 33 leur

202 5170 125 34 propre
345 5161 137 39 compte
529 5158 41 32 de
602 5156 32 34 la
663 5156 93 41 leçon
794 5153 143 34 délicate

203 5204 125 43 qu'elle
361 5203 164 35 contient,
565 5210 41 24 en
639 5199 130 35 fissent,
793 5207 59 34 par
889 5207 47 24 un

204 5250 157 32 heureux
392 5250 35 28 et
467 5245 185 33 nécessaire
697 5244 237 40 contre-coup,

204 5291 142 41 profiter
361 5290 33 34 la
412 5289 130 34 France
562 5296 11 25 :

248 5387 15 19 «
288 5373 65 35 S'il
371 5374 52 33 est
442 5374 58 32 des
521 5374 111 39 tempe
651 5374 45 31 où
723 5369 25 34 il
765 5373 53 31 est
855 5369 84 44 plue

206 5420 141 33 difficile
361 5419 41 32 de
418 5418 174 32 connaître
609 5424 60 24 «on
690 5414 117 33 devoir
819 5422 67 33 que
898 5413 43 33 de

204 5464 32 34 le
257 5464 93 35 faire,
373 5460 25 34 il
417 5471 41 22 en
477 5464 51 28 est
547 5459 149 33 d'autres
715 5460 44 31 où
775 5459 30 32 le
823 5458 117 33 devoir

206 5511 52 31 eat
279 5507 27 31 ei
326 5505 81 33 clair
426 5513 67 33 que
511 5504 81 32 c'est
613 5512 22 33 y
673 5511 164 33 manquer
861 5499 77 45 déjà

207 5562 70 33 que
295 5550 41 33 de
354 5558 43 25 ne
416 5557 59 33 pas
495 5548 30 33 le
543 5548 85 32 voir.
666 5545 98 34 Nous
794 5554 145 25 sommes

204 5601 24 30 à
248 5606 45 22 un
313 5594 41 33 de
369 5602 54 24 ces
443 5590 172 44 temps-là.

255 5649 15 21 •
295 5636 50 35 La
363 5635 129 37 France
510 5637 52 30 est
575 5636 142 51 poussée
735 5642 60 33 par
815 5631 32 35 la
865 5641 58 25 con-

209 5682 151 44 juration
380 5681 43 32 de
442 5682 113 31 toutes
575 5679 46 33 les
641 5680 107 32 forces
768 5676 171 38 sectaires,

210 5737 77 24 vers
307 5735 46 24 un
373 5722 240 35 matérialisme
645 5721 187 44 dégradant
846 5730 11 31 ;
880 5720 65 33 elle

210 5771 227 41 n'échappera
458 5772 20 28 à
504 5766 33 34 la
565 5766 190 33 décadence
784 5773 76 25 vers
895 5765 33 33 la-

213 5816 115 43 quelle
345 5824 44 21 on
407 5813 32 32 la
457 5811 164 43 précipite
635 5819 67 33 que
715 5810 31 33 si
763 5807 64 35 elle
841 5809 104 41 garde

215 5870 35 22 sa
269 5858 47 33 fei
335 5867 41 24 en
397 5865 38 24 ce
452 5854 80 35 vieil
552 5854 89 34 idéal
672 5852 167 44 religieux
870 5851 72 44 qui,

210 5906 103 39 •prés
332 5900 117 35 l'avoir
468 5900 85 32 tirée
580 5898 41 32 de
654 5896 32 34 la
704 5896 165 35 barbarie,
905 5896 43 32 l'a

211 5948 117 32 élevée
347 5954 43 24 au
410 5942 77 44 plus
507 5942 83 33 haut
607 5942 146 32 sommet
772 5941 43 32 de
834 5939 33 34 la
896 5939 34 34 ci-

213 5988 189 35 vilisation.

262 6044 15 21 »
298 6031 187 34 Travailler
509 6033 19 31 à
546 6028 33 34 la
605 6028 50 34 lui
686 6035 178 26 conserver
896 6027 52 32 est

216 6087 69 24 une
304 6085 118 25 ouvre
439 6076 44 32 de
501 6073 90 34 salut
609 6072 162 38 uational,
793 6072 103 41 digne
908 6071 41 32 de

217 6124 113 33 tenter
345 6123 97 31 votre
472 6125 156 35 courage.
650 6116 53 34 Ne
739 6116 116 33 laissez
892 6124 58 32 pas

217 6170 98 31 votre
335 6174 84 34 pays
431 6167 20 30 à
465 6162 32 34 la
523 6162 184 34 discrétion
735 6161 59 31 des
811 6161 116 31 charla-

219 6215 78 30 tans
315 6214 34 27 et
369 6210 59 31 des
443 6206 180 41 sophistes.
639 6203 54 33 On
703 6213 83 22 cou»
802 6202 150 33 dénonce

220 6256 24 31 à
263 6254 34 32 la
313 6252 70 41 foi»
402 6259 130 25 comme
549 6249 60 32 de»
628 6247 138 38 enfant»
787 6244 165 43 chagrin»

221 6296 44 34 de
279 6296 35 33 la
322 6294 136 45 grande
471 6292 135 41 famille
624 6288 187 40 nationhle,
823 6298 131 25 comme

222 6340 60 34 dt»
319 6337 250 35 retardataire»
607 6344 151 24 moroiet
790 6333 85 33 dont
906 6333 48 32 les

221 6383 151 45 regard»
392 6391 34 24 »e
445 6383 161 32 tournent
634 6378 157 43 toujour»
823 6385 77 26 ver»
924 6374 31 34 le

220 6430 115 44 pa»»t.
358 6425 96 37 Allez
471 6429 21 30 à
509 6424 50 34 lui
570 6426 34 32 et
619 6423 158 34 dites-lui
790 6431 69 33 que
870 6430 85 24 vous

226 6477 72 31 êtes
330 6483 52 21 ses
417 6470 187 33 serviteurs
646 6469 203 40 pensionnés,
889 6474 65 32 que

226 6528 22 22 9
249 6528 60 21 ou»
330 6515 111 33 aimes
459 6515 72 31 tout
550 6521 35 24 ce
604 6509 85 45 qu'il
706 6509 91 32 aime
811 6519 12 22 :
839 6508 35 33 ta
879 6517 59 33 jus-

227 6561 66 33 tice
311 6556 137 39 sociale,
470 6555 30 34 le
517 6556 143 44 progrès
678 6552 222 44 scientifique,
922 6550 34 33 la

228 6605 120 34 liberté
359 6600 181 45 politique,
573 6602 35 31 et
644 6607 69 35 que
743 6601 97 31 votre
880 6594 77 45 plus

947 1361 104 32 haate
1087 1359 164 32 ambition
1287 1362 51 30 est
1376 1359 41 32 do
1448 1358 161 32 seconder
1645 1365 35 25 sa

947 1404 136 33 marche
1102 1413 41 25 en
1157 1407 103 31 avant
1278 1411 76 25 vers
1370 1401 32 34 la
1416 1402 144 33 lumière
1576 1404 35 31 el
1648 1400 31 34 la

947 1448 188 33 fraternité.

993 1502 15 20 »
1028 1491 34 33 Il
1082 1495 86 33 veut,
1188 1499 67 32 par
1276 1499 47 24 un
1342 1487 98 45 effort
1461 1498 83 24 sans
1560 1489 102 41 précé-

947 1534 81 33 dent
1054 1534 90 33 dans
1163 1533 177 39 l'histêire,
1364 1541 61 25 sur
1446 1543 47 22 un
1512 1532 51 33 sol
1581 1532 80 43 long-

948 1585 109 35 temps
1087 1576 142 38 fécondé
1259 1587 67 32 par
1350 1576 35 33 la
1416 1574 214 40 monarchie,
1652 1574 32 33 le

948 1624 104 41 règne
1064 1620 145 45 paisible
1222 1620 45 33 de
1280 1620 37 33 lu
1331 1620 222 33 démocratie.
1566 1620 98 33 Dites-

950 1667 48 33 lui
1017 1675 78 35 que,
1126 1665 70 34 loin
1221 1667 41 32 de
1280 1675 86 24 vous
1385 1668 124 31 mettre
1537 1674 43 25 en
1611 1665 54 31 tra-

948 1720 77 25 vers
1052 1711 41 33 de
1113 1720 51 25 sas
1183 1710 214 43 aspirations,
1419 1719 85 24 vous
1524 1713 159 38 apportez

948 1757 20 31 K
986 1757 90 31 cette
1106 1754 216 38 démocratie,
1348 1762 122 24 encore
1496 1752 188 34 incertaine

951 1800 41 32 de
1022 1808 37 24 sa
1080 1798 86 39 voie,
1198 1808 66 22 une
1290 1796 116 34 charte
1436 1795 244 44 impérissable,

950 1843 61 43 qui
1043 1852 74 24 sera
1148 1840 32 35 la
1209 1841 155 44 garantie
1393 1841 43 33 de
1463 1850 37 25 sa
1527 1840 105 33 durée
1650 1841 34 32 et

951 1887 32 33 la
1012 1896 118 25 source
1162 1887 41 33 de
1233 1896 35 24 sa
1299 1886 172 41 grandeur
1501 1894 12 25 :
1547 1884 118 35 l'Evan-

951 1930 67 43 gile
1044 1939 30 25 ».
1119 1961 14 11 .

993 2014 54 34 On
1078 2024 43 22 ne
1149 2014 128 33 saurait
1306 2014 117 33 mieux
1454 2013 73 33 dire
1546 2014 34 31 et
1599 2021 86 24 nous

952 2062 254 30 reconnaissons
1232 2059 83 32 dans
1339 2056 162 34 l'orateur
1522 2056 72 43 qui,
1617 2059 19 31 fc
1655 2054 32 35 la

953 2102 98 33 veille
1071 2102 41 33 de
1128 2102 31 33 la
1178 2102 129 43 grande
1325 2101 229 34 consultation
1573 2099 94 34 natio-

952 2146 74 34 nale
1045 2147 47 32 du
1111 2147 86 32 mois
1213 2146 41 33 de
1270 2146 69 33 mai
1358 2145 172 43 prochain,
1547 2153 20 24 a
1580 2141 105 35 voulu

953 2199 187 34 prononcer
1157 2199 56 24 ces
1241 2189 119 34 claires
1389 2192 34 31 et
1442 2187 164 34 décisives
1625 2196 43 34 pa-

952 2233 99 40 roles,
1082 2233 201 34 l'initiateur
1307 2232 214 44 clairvoyant
1551 2231 72 43 qui,
1645 2239 41 25 en

953 2278 96 39 1891,
1067 2277 171 44 préludait
1257 2276 76 44 déjfc
1351 2280 20 32 à
1387 2276 32 35 la
1437 2278 100 32 lettre
1558 2277 104 32 mémo-

953 2323 92 33 rable
1074 2323 47 33 du
1149 2322 78 34 chef
1252 2322 41 33 de
1317 2322 33 33 la
1371 2320 189 35 chrétienté
1580 2328 58 25 sur
1657 2317 31 35 le

954 2376 17 21 «
992 2366 193 34 ralliement
1205 2376 17 20 »
1247 2374 59 33 par
1330 2365 33 34 la
1387 2365 176 34 fondation
1586 2363 102 33 d'une

954 2411 118 34 Droite
1093 2409 241 44 républicaine.

998 2454 71 35 Sur
1088 2454 31 34 le
1137 2454 128 33 terrain
1293 2452 296 39 constitutionnel,
1607 2452 78 33 tout

954 2502 20 32 à
993 2499 32 34 la
1045 2499 65 33 fois
1129 2499 28 32 si
1181 2498 92 43 large
1293 2500 33 32 et
1358 2498 30 33 si
1419 2498 191 33 nettement
1630 2496 40 32 dé-

956 2543 71 39 fini,
1058 2545 44 31 où
1122 2541 50 35 M.
1188 2541 90 35 Piou
1306 2551 85 24 nous
1423 2541 144 44 appelle,
1602 2548 89 25 nous

957 2596 141 24 saurons
1117 2587 97 38 donc,
1240 2596 86 32 pour
1357 2587 99 32 notre
1475 2585 87 41 part,
1600 2591 67 25 com-

957 2630 113 33 battre
1089 2640 80 24 avec
1188 2630 124 33 ardeur
1326 2630 34 33 et
1384 2629 191 41 discipline.
1599 2626 91 34 Dans

959 2685 66 24 une
1048 2676 98 32 autre
1161 2674 109 41 partie
1279 2674 40 33 de
1338 2682 60 24 son
1416 2673 155 33 discours
1593 2673 97 32 notre

958 2719 152 33 éminent
1129 2718 69 33 ami
1234 2727 30 30 a,
1304 2715 184 39 d'ailleurs,
1511 2715 70 44 pris
1618 2715 73 33 soin

958 2763 196 44 d'indiquer
1186 2763 172 34 comment
1390 2760 27 34 il
1456 2760 175 33 entendait
1662 2759 31 34 la

959 2806 90 33 lutte
1069 2816 9 24 :

1005 2901 14 20 «
1043 2889 32 35 A
1095 2898 66 25 une
1181 2889 105 34 heure
1304 2889 43 34 de
1364 2889 107 44 grand
1492 2888 141 43 danger,
1657 2896 19 24 a-

960 2934 59 34 t-il
1039 2935 63 38 dit,
1127 2934 24 32 il
1170 2933 94 33 suffit
1284 2933 41 33 de
1358 2942 122 24 sonner
1517 2931 33 33 la
1567 2931 128 41 charge

963 2988 85 32 pour
1071 2987 66 28 que
1156 2980 78 31 tout
1253 2976 32 34 le
1303 2976 124 33 monde
1446 2975 96 34 rallie
1567 2975 32 34 le
1613 2976 57 32 dra-

961 3032 97 33 peau.
1078 3021 89 33 Mais
1182 3031 67 24 une
1269 3021 126 43 longue
1410 3028 185 34 campagne
1610 3019 87 33 n'est

964 3076 57 33 pas
1042 3076 66 24 une
1127 3074 123 33 guerre
1269 3066 43 32 de
1329 3064 163 44 guérillas
1506 3074 9 30 ;
1535 3063 64 34 elle
1619 3073 59 33 sup-

963 3119 80 33 pose
1061 3119 47 24 un
1128 3111 79 41 plan
1227 3112 155 31 concerté
1406 3111 34 31 et
1463 3107 104 33 suivi.

1009 3165 14 20 t
1045 3152 47 35 Ce
1111 3154 79 43 plan
1209 3163 43 22 ne
1271 3155 84 41 peut
1365 3154 72 32 être
1457 3152 144 33 l'œuvre
1617 3150 80 35 d'un

964 3198 136 33 homme
1120 3207 43 24 ou
1182 3197 83 33 d'un
1284 3206 139 34 groupe.
1453 3195 28 35 Il
1518 3207 22 33 y
1560 3196 74 34 faut
1669 3195 31 33 le

964 3250 164 26 concours
1163 3242 41 33 de
1235 3244 90 31 tous.
1345 3240 52 35 La
1430 3241 112 43 pleine
1578 3239 122 35 liberté

965 3289 58 32 des
1042 3286 208 34 discussions
1270 3287 59 41 qui
1349 3285 31 35 le
1398 3287 182 48 préparent
1599 3294 81 24 assu-

966 3341 34 22 re
1019 3331 93 33 seule
1131 3330 172 35 l'autorité
1319 3330 58 34 des
1397 3330 168 33 décisions
1590 3328 60 44 qui
1671 3328 30 33 le

966 3377 175 31 résument
1162 3385 30 21 ».

1011 3458 48 35 M.
1081 3461 90 33 Piou
1189 3470 19 22 a
1227 3458 94 34 mille
1341 3459 64 33 fois
1428 3458 111 33 raison
1560 3459 33 31 et
1619 3457 83 32 c'est

969 3508 19 30 à
1004 3504 92 43 juste
1116 3503 83 33 titre
1218 3502 84 45 qu'il
1320 3513 86 24 nous
1443 3502 67 33 cite
1528 3504 20 31 À
1571 3510 38 24 ce
1624 3509 60 33 pro-

970 3559 60 32 pos
1076 3548 178 43 l'exemple
1304 3548 58 33 des
1415 3546 188 34 socialistes
1646 3543 59 43 qui

971 3602 15 20 «
1009 3593 83 32 danß
1108 3593 91 32 leurs
1213 3594 143 39 congrès
1370 3591 174 33 discutent
1564 3594 34 27 et
1612 3589 76 31 arrê-

973 3639 85 35 tent,
1081 3645 69 21 non
1169 3645 83 21 tans
1271 3644 118 33 orage,
1411 3645 46 22 un
1492 3641 216 34 programme

971 3680 72 43 qui,
1065 3690 41 22 en
1126 3679 96 43 dépit
1241 3679 59 33 des
1320 3680 211 31 nouveautés
1552 3678 46 33 les
1631 3677 77 41 plus

973 3724 146 39 hardies,
1141 3724 59 33 des
1220 3723 193 43 sopbismes
1443 3722 51 34 les
1515 3720 77 43 plus
1611 3729 78 34 gros-

972 3769 97 38 siers,
1088 3769 138 33 devient
1245 3768 74 33 leur
1345 3769 72 32 mot
1437 3765 133 33 d'ordre
1607 3768 34 30 et
1678 3763 31 34 le

974 3813 115 33 thème
1108 3814 41 31 de
1169 3811 76 33 leur
1264 3810 217 45 propagande
1505 3821 27 20 ».

1017 3856 177 43 Pourquoi
1211 3855 137 34 l'action
1369 3854 137 33 libérale
1532 3863 44 24 ne
1607 3861 83 34 pren-

974 3900 175 33 drait-elle
1169 3909 70 31 pas,
1261 3902 19 31 à
1299 3901 90 32 cette
1409 3899 105 32 heure
1533 3899 43 32 de
1613 3902 78 27 trou-

974 3944 56 34 ble
1044 3946 34 31 et
1110 3945 240 41 d'équivoque,
1382 3943 196 33 l'initiative
1610 3940 102 33 d'une

976 3987 185 33 assemblée
1180 3989 41 31 de
1239 3987 85 32 bons
1343 3985 171 41 Français,
1543 3985 83 33 dans
1662 3984 33 34 la-

977 4031 112 43 quelle
1108 4031 24 33 il
1153 4031 103 33 serait
1287 4031 132 32 loisible
1454 4033 20 30 à
1506 4030 131 33 chacun
1671 4029 40 31 de

978 4076 72 33 dire
1070 4077 78 32 tout
1167 4084 38 25 e«
1238 4074 85 44 qu'il
1359 4083 113 33 pense,
1513 4074 85 32 mais
1630 4072 81 32 dont

978 4119 46 34 les
1038 4119 243 34 délibérations
1302 4119 155 33 auraient
1478 4117 91 33 force
1603 4116 40 32 de
1663 4115 46 33 loi

979 4174 86 33 pour
1085 4165 77 32 tout
1192 4162 30 33 le
1241 4167 111 37 temps
1382 4162 40 32 de
1461 4161 32 33 la
1528 4160 183 44 prochaine

979 4207 137 43 période
1135 4206 252 34 électorale?...

1023 4251 40 35 Si
1083 4260 38 24 ca
1140 4253 143 39 congrès
1304 4250 230 43 préparatoire
1558 4246 154 35 devenait

979 4294 159 44 possible,
1161 4305 86 24 nous
1266 4305 86 24 nous
1368 4302 194 35 engageons
1581 4291 112 35 d'avan-

980 4350 37 24 ce
1031 4343 20 31 à
1069 4350 22 32 y
1111 4339 139 33 assister
1270 4343 34 28 et
1324 4342 18 30 k
1361 4349 41 22 en
1421 4339 168 40 accepter,
1622 4335 72 45 quel-

981 4383 47 34 les
1048 4383 142 44 qu'elles
1209 4383 122 39 soient,
1354 4382 48 34 les
1421 4382 183 34 décisions.

1093 4448 213 28 Emmanuel
1323 4447 187 37 Deogpfe»
1522 4447 48 27 dn
1590 4443 86 31 Loû.

1018 4795 152 40 (Service
1187 4796 130 39 spécial
1333 4796 41 32 de
1394 4794 295 41 J'Ouest-Eclair).

986 4565 196 151 Nos
1202 4565 515 194 Dépêches

1091 4887 122 67 EN
1265 4887 356 67 FRANCE

994 5010 376 45 L'AGITATION
1398 5004 320 51 OUVRIÈRE

990 5108 51 27 La
1056 5107 118 33 crève
1192 5108 112 28 votée
1323 5115 102 30 pour
1437 5111 89 27 (rat
1534 5108 39 27 le
1591 5109 135 27 bassin

1024 5144 162 27 é'Aniln
1274 5144 51 27 La
1351 5145 169 27 réuloa
1548 5145 50 26 de
1622 5146 70 26 De-

1061 5180 93 25 Bain
1166 5192 21 6 -
1206 5178 196 28 lltaatUii
1414 5180 243 33 inquiétante

1096 5213 48 27 •e
1161 5215 113 32 qu'on
1291 5215 58 27 dit
1363 5222 50 19 en
1428 5215 191 32 Belgique

1335 5301 124 31 Draain,
1474 5302 33 27 20
1522 5301 161 30 sovembre.

1032 5336 77 32 Hier
1122 5336 71 37 loir,
1208 5337 44 30 lei
1280 5337 136 30 mineur»
1444 5346 32 22 le
1491 5342 69 25 «ont
1580 5337 103 30 réuni»
1709 5339 18 28 à

993 5382 65 33 sept
1070 5378 106 30 keure»
1189 5385 78 30 pour
1287 5378 117 30 étudier
1416 5378 215 37 l'opportunité
1646 5378 37 30 de
1697 5378 31 30 1»

993 5418 116 35 repriie
1123 5417 40 30 du
1180 5415 120 31 travail.
1320 5417 86 30 Deux
1436 5418 85 30 mille
1535 5418 138 28 homme»
1697 5424 31 22 se

996 5456 168 37 prenaient
1178 5454 77 31 dacs
1280 5456 31 30 la
1323 5456 116 38 grande
1470 5458 77 28 (aile
1560 5458 43 28 du
1618 5457 53 28 bar
1685 5456 43 30 du

996 5494 120 30 travail.
1134 5494 33 30 M
1195 5494 118 30 Bexant
1336 5504 18 20 a
1369 5497 138 27 annoncé
1534 5504 59 28 que
1618 5497 44 30 le»
1689 5494 39 30 45

997 5535 139 37 délégué»
1154 5535 41 28 du
1215 5533 104 31 ba»»in
1354 5533 133 31 d'Anzin
1514 5536 122 30 avaient
1658 5538 71 26 tenu

997 5575 78 28 dan»
1091 5574 204 37 l'aprèi-midi
1310 5582 60 21 une
1384 5574 130 31 réunien
1530 5576 122 32 «écrite,
1667 5577 18 25 à
1698 5576 31 26 la

998 5614 78 30 mite
1091 5614 37 28 de
1143 5615 131 37 laquelle
1296 5613 38 30 ili
1358 5614 122 30 avaient
1508 5615 76 32 voté,
1611 5622 54 30 par
1693 5611 38 30 42

997 5652 72 30 voix
1083 5656 104 26 oontre
1200 5652 30 35 3,
1244 5654 30 27 la
1287 5654 91 34 grève
1390 5653 141 37 géaérale
1560 5653 39 28 du
1625 5653 105 30 banin

998 5693 19 28 d
1029 5689 113 32 Anzin.
1159 5692 57 30 Le»
1232 5691 73 31 trois
1319 5695 167 34 oppoianti
1499 5695 51 26 ont
1560 5693 170 30 seulement

998 5733 93 28 voulu
1107 5732 152 30 consulter
1272 5733 80 28 leurs
1368 5731 132 31 seotions
1526 5732 162 35 régulières
1703 5734 27 28 et

999 5779 38 22 ne
1052 5778 31 22 se
1097 5774 67 26 sont
1180 5778 54 31 pas
1245 5774 207 27 ouvertement
1476 5773 167 35 prononcés
1658 5779 54 22 oon-

999 5815 45 27 tre
1058 5811 30 28 la
1102 5811 102 37 grève.

1042 5850 26 30 Il
1084 5849 141 31 convient
1241 5849 35 31 de
1304 5849 76 31 faire
1411 5857 175 30 remarquer
1613 5857 58 30 que
1698 5857 34 22 ce

1000 5895 70 24 sont
1091 5889 44 30 les
1149 5889 113 30 mêmes
1278 5889 143 38 délégués
1436 5889 52 35 qui
1522 5889 164 30 dimanohe
1702 5896 31 22 se

1003 5928 220 39 prononçaient
1243 5931 103 25 contre
1358 5930 31 27 la
1411 5928 91 37 grève
1524 5930 30 26 al
1573 5927 53 38 qui
1659 5927 73 31 l'ont

1003 5969 84 28 votée
1102 5968 76 30 hier.
1195 5967 79 37 Qu'y
1302 5974 18 21 a
1332 5967 53 30 t-il
1413 5974 77 21 oonc
1519 5967 37 30 de
1583 5967 118 37 changé
1714 5966 17 30 ?

1004 6007 80 31 Rien
1095 6007 229 33 certainement,
1339 6006 78 30 mais
1447 6007 44 27 les
1519 6006 142 37 délégués
1678 6011 52 27 ont

1005 6047 61 38 pris
1085 6050 119 26 contact
1226 6053 72 21 avec
1326 6046 43 30 les
1390 6046 145 35 grévistes
1566 6051 27 25 et
1619 6045 57 31 soit
1704 6046 31 28 la

1004 6085 116 31 crainte
1134 6085 37 30 de
1183 6085 106 37 perdre
1302 6085 65 30 leur
1382 6084 162 33 influenoe,
1578 6084 57 30 soit
1658 6085 76 30 oelle

1005 6125 37 31 de
1056 6125 132 38 paraître
1202 6125 148 37 poltrons,
1365 6124 39 30 ili
1428 6131 33 22 se
1483 6126 69 26 sont
1579 6124 120 37 infligés
1714 6124 18 30 à

1005 6172 58 22 eux
1081 6164 115 31 mêmes
1221 6165 26 30 le
1283 6165 69 35 plus
1387 6163 83 30 cruel
1494 6163 52 30 des
1572 6163 162 31 démentis.

1009 6204 202 31 L'a»»»mblée
1225 6211 19 21 a
1270 6202 141 32 accueilli
1436 6203 31 30 le
1481 6207 66 25 vote
1571 6202 52 32 des
1650 6203 67 31 délé-

1006 6246 73 34 gués
1097 6248 52 32 par
1165 6243 38 30 de
1215 6243 128 34 longues
1358 6240 219 32 aeolamatians
1592 6246 27 27 et
1632 6242 19 30 à
1680 6241 40 31 l'u-

1007 6282 157 35 aanimité,
1181 6283 43 30 le»
1250 6283 135 30 mineurs
1400 6282 137 37 présents
1560 6286 52 26 ont
1626 6283 66 30 voté
1707 6282 31 30 la

1007 6321 209 31 aentinuation
1230 6322 38 30 de
1280 6322 28 28 la
1322 6322 99 37 grève.

1049 6361 76 30 Hier
1150 6361 61 30 seir
1240 6363 43 28 les
1309 6361 141 37 délégué»
1476 6359 40 30 du
1552 6359 106 32 basiin
1685 6364 52 27 ont

1009 6402 87 31 réuni
1109 6400 79 30 dans
1201 6400 80 30 leurs
1297 6406 178 24 communes
1496 6400 182 31 respeotives
1695 6399 43 31 les

1011 6442 135 28 mineurs
1161 6441 53 30 des
1228 6439 156 31 différents
1401 6437 92 39 puits,
1522 6437 61 31 afin
1610 6439 37 31 de
1674 6439 65 31 leur

1012 6481 73 28 !aire
1098 6481 155 28 connaître
1269 6483 30 26 la
1312 6480 135 30 décision
1463 6478 80 35 pri»e
1566 6478 71 30 d'ioi
1652 6478 69 37 quel-

1012 6528 72 30 que»
1100 6520 96 35 jour».
1213 6517 26 31 Il
1254 6519 64 30 faut
1332 6520 79 28 dono
1443 6516 159 32 s'attendre
1630 6520 17 27 à
1674 6515 66 32 voir

1013 6566 60 24 toui
1088 6560 32 34 lt
1133 6560 102 28 bassin
1258 6557 132 31 d'Anzin
1410 6565 38 22 en
1473 6556 100 38 grève.
1599 6556 57 31 Les
1683 6556 41 31 mi

1013 6607 89 25 neur»
1119 6600 69 28 sent
1207 6600 185 28 convaincus
1415 6605 59 28 que
1495 6599 30 28 le
1552 6601 76 26 reste
1652 6595 38 32 de
1710 6596 31 30 la

1737 1356 117 31 Franoe
1869 1361 43 26 le*
1926 1357 104 28 suivra
2044 1359 30 26 ai
2088 1362 59 30 que
2163 1355 59 28 très
2238 1355 190 35 rapidement
2444 1356 30 25 la

1736 1397 90 35 grè*e
1839 1396 142 37 générale
1997 1401 65 22 iera
2078 1403 41 19 un
2134 1393 54 30 fait
2203 1393 164 38 accompli.

1775 1436 104 33 Quant
1902 1443 59 20 aox
1990 1433 84 30 chef*
2102 1433 40 28 du
2173 1431 150 39 •yudicat,
2341 1431 38 30 ili
2406 1434 67 26 ion!

1736 1475 158 30 débordé*.
1912 1472 112 35 Quand
2040 1472 38 30 ili
2105 1472 180 30 conseillent
2310 1470 32 30 le
2366 1472 98 28 calms

1736 1522 59 20 aux
1809 1514 146 32 ouvrier»,
1972 1511 123 31 oenx-oi
2112 1512 133 30 refuient
2259 1509 38 31 de
2309 1511 43 30 les
2368 1515 86 24 enten-

1736 1553 53 30 dre
1804 1557 30 26 et
1847 1557 72 25 vont
1932 1552 99 30 même
2049 1551 111 37 parfoi»
2190 1550 120 38 jusqu'à
2339 1550 44 31 lei
2400 1548 57 30 trai-

1736 1598 45 25 ter
1796 1592 38 30 de
1848 1600 15 19 «
1883 1591 139 30 lâaheur»
2040 1598 26 22 u.

2132 1629 80 31 Leas,
2228 1626 34 27 20
2276 1625 161 28 novembre.

1775 1665 28 31 A.
1818 1667 30 30 la
1864 1665 78 32 suite
1956 1665 41 30 du
2013 1668 69 27 vole
2094 1665 35 28 de
2145 1665 30 28 la
2203 1665 129 28 réunion
2360 1662 37 30 de
2413 1661 40 32 De-

1737 1706 76 31 nain
1827 1706 135 30 édiolant
1984 1706 28 28 la
2040 1706 90 35 grève
2157 1703 152 38 générale,
2331 1710 59 21 nne
2406 1702 69 30 vive

1739 1746 148 38 agitation
1902 1754 18 21 a
1935 1746 93 37 régné
2040 1743 135 39 pendant
2185 1747 80 26 tonte
2281 1743 30 28 la
2326 1743 66 28 nuit
2408 1742 50 30 der-

1739 1783 83 32 nière
1837 1785 77 31 dans
1930 1786 28 30 le
1978 1783 104 31 bassin
2096 1781 143 32 d'Anzin.

1781 1824 52 31 Un
1848 1824 98 38 grand
1962 1822 128 31 nombre
2115 1822 38 30 de
2183 1821 136 31 mineur*
2344 1821 52 30 ont
2418 1820 43 28 cir-

1741 1865 69 30 culé
1824 1869 109 25 autour
1946 1863 52 31 dei
2013 1863 97 30 fo**ea
2124 1863 78 30 dam
2226 1861 27 31 le
2268 1860 53 30 but
2339 1860 117 38 d'empê-

1740 1904 72 30 cher
1828 1905 80 28 leuri
1925 1903 178 28 camaradei
2119 1900 37 31 de
2169 1899 167 32 travailler.

1779 1943 28 30 A
1822 1942 86 34 midi,
1928 1942 21 30 il
1964 1942 71 30 était
2063 1949 106 21 encore
2194 1938 181 39 imponible
2393 1938 37 31 de
2445 1945 32 24 le

1742 1990 144 30 procurer
1899 1983 52 28 dei
1975 1980 260 38 renieignementi
2261 1983 104 26 exact*
2381 1987 51 21 mr
2447 1978 30 28 la

1741 2022 139 30 deioenle
1894 2022 38 28 de
1948 2029 33 21 ce
1996 2021 98 28 matin
2111 2020 77 28 dam
2210 2023 44 25 lei
2280 2017 93 38 puili.
2391 2016 84 31 Mai*

1741 2070 39 21 on
1808 2061 74 30 croit
1910 2068 59 30 que
1997 2061 28 31 le
2053 2059 129 32 nombre
2210 2057 53 31 des
2290 2057 146 38 gréviitei
2460 2065 17 22 a

1741 2101 174 37 augmenté.

2108 2137 106 32 Aniin,
2229 2134 35 28 20
2278 2134 164 28 novembre.

1779 2176 83 30 Tout
1874 2176 44 30 le*
1933 2173 137 32 mineari
2086 2173 52 38 qui
2165 2177 51 26 ont
2243 2172 96 38 repris
2365 2174 26 28 le
2419 2174 45 26 tra-

1742 2213 61 31 vail
1818 2215 156 30 attendent
1989 2215 31 30 In
2033 2220 79 31 paye
2125 2212 43 31 du
2181 2211 38 31 83
2245 2215 128 28 courant
2402 2218 77 30 prar

1748 2262 31 22 te
1798 2257 107 27 mettre
1919 2262 38 22 en
1971 2254 102 38 giiv*.

1996 2303 221 32 Valenelennei,
2233 2301 34 28 80
2283 2301 161 30 novimbre.

1780 2342 115 31 Toclei
1907 2342 43 31 lei
1967 2344 124 35 troapei
2105 2341 38 31 de
2156 2339 226 32 Vnleneienne*
2413 2340 67 28 ion!

1744 2382 112 38 partie*
1871 2388 78 32 pour
1963 2380 116 32 Aniin.

2130 2418 85 34 Lille,
2231 2417 35 28 20
2282 2415 164 31 novembre.

1783 2457 59 31 Lei
1857 2457 158 31 nouvelle*
2030 2456 37 30 de
2082 2464 34 21 ee
2141 2456 97 30 matin
2267 2459 67 26 sont
2365 2454 113 30 bounei

1744 2505 77 28 pour
1837 2499 65 27 tout
1915 2498 28 28 la
1958 2496 105 30 banin
2078 2494 41 30 du
2137 2493 115 31 Pas-de
2268 2492 116 32 Calais.

1744 2548 53 27 La
1812 2546 118 34 grive
1943 2545 50 27 d*
2006 2545 149 26 France
2166 2545 41 27 et
2219 2544 59 26 les
2293 2543 165 27 charbon-

1920 2588 119 26 nages
2056 2580 48 27 de
2119 2580 193 34 Belgique

2055 2628 161 33 Bruxelles,
2232 2627 34 28 20
2280 2627 164 30 novembre.

1786 2666 44 31 Le
1843 2666 150 32 direoteur
2006 2665 76 31 d'un
2095 2668 52 27 de*
2170 2667 69 35 plu*
2252 2663 115 39 grand*
2394 2663 71 30 char-

1747 2707 156 37 banntge*
1939 2705 40 31 du
2016 2705 165 37 Borinage,
2215 2704 180 31 interviewé
2426 2709 57 31 par

1747 2747 11 30 l
1760 2744 112 32 'KioiL»
1886 2744 111 38 Btlgi,
2013 2753 19 21 a
2047 2745 122 31 déclaré
2190 2743 113 39 qu'une
2330 2744 91 37 grèTe
2435 2743 32 37 gé-

1750 2785 102 32 nérale
1867 2793 37 22 en
1920 2784 118 31 Franoe
2070 2792 39 22 ne
2143 2783 138 39 pourrait
2295 2784 86 28 avoir
2411 2790 76 30 pour

1749 2826 43 31 lei
1828 2825 230 32 charbonnage*
2092 2824 103 38 belgei
2228 2831 59 28 que
2308 2823 53 30 de*
2376 2824 87 27 canié-

1752 2872 130 30 quenca*
1896 2864 59 31 fort
1971 2869 230 32 avantageuse*.
2220 2861 79 32 Bien
2326 2861 92 39 qu'on
2444 2859 43 31 ail

1750 2904 53 32 dit.
1821 2906 44 30 lei
1878 2903 102 31 itockt
1995 2903 53 31 de*
2075 2902 246 31 éiabliuemanli
2350 2900 133 35 françai*

1752 2948 69 26 ■ont
1835 2942 220 39 iniigniâanli.
2083 2942 43 31 Ce
2156 2942 52 38 qui
2236 2948 115 32 prouve
2375 2948 58 31 que
2459 2940 30 28 le

1752 2983 124 30 marché
1891 2983 85 37 belge
1991 2981 92 32 *arail
2098 2981 223 38 puissamment
2337 2980 151 37 avantagé

1753 3032 53 30 par
1822 3031 59 22 une
1904 3024 91 35 grève
2016 3022 144 38 générale
2187 3030 38 22 en
2256 3020 129 34 France,
2415 3019 72 31 c'est

1753 3071 58 30 que
1826 3063 110 37 depuii
1951 3071 41 21 un
2009 3061 77 31 moii
2101 3059 37 33 de
2174 3059 170 32 nombreux
2380 3061 106 34 agent*

1754 3103 208 30 d'industriel!
1987 3100 135 37 français
2138 3104 182 33 paroourant
2339 3098 34 31 le
2401 3097 71 30 Bori-

1754 3150 77 30 nage
1846 3141 80 31 aimi
1942 3150 60 28 que
2015 3142 44 30 les
2075 3143 100 27 autres
2190 3138 123 32 banini
2327 3138 113 37 belges,
2460 3144 31 24 le

1756 3184 163 35 préparant
1933 3182 18 28 à
1967 3189 103 30 paner
2082 3180 52 31 dei
2148 3183 131 27 contrats
2296 3178 193 38 important!,

1757 3222 111 30 oSrant
1885 3221 99 30 même
2000 3220 154 31 d'aoheler
2166 3227 37 22 en
2219 3219 125 31 hamse.

1795 3269 14 19 «
1833 3260 28 31 A
1876 3261 31 30 la
1920 3260 129 31 réunion
2065 3260 35 31 de
2125 3259 148 34 Douvres,
2295 3257 100 38 ajoute
2420 3256 58 31 l'in-

1757 3300 141 37 dustriel,
1915 3300 44 32 les
1984 3300 119 38 Bslges,
2121 3300 41 28 les
2189 3296 142 39 Anglais,
2356 3298 44 30 lei
2430 3295 48 31 Au

1757 3340 145 32 triohieni
1932 3346 27 26 et
1987 3340 43 30 les
2056 3338 181 32 Allemandi
2259 3343 52 25 ont
2326 3339 167 27 nettement

1757 3380 99 31 refuié
1871 3379 37 31 de
1923 3379 103 31 suivra
2037 3379 80 31 leuri
2134 3378 93 31 frèrei
2251 3377 133 37 françaii
2414 3376 78 30 dans

1759 3420 27 30 le
1801 3423 195 27 mouvement
2010 3418 135 38 dégrève
2160 3418 141 37 générale
2314 3426 6 25 ;
2337 3420 27 26 et
2375 3417 28 37 je
2415 3416 78 30 tiem

1759 3459 38 30 de
1811 3467 104 22 eource
1941 3459 57 27 très
2024 3457 149 30 autorisée
2202 3464 59 30 que
2280 3457 44 28 les
2352 3458 125 34 exporta-

1759 3503 81 26 teurs
1856 3498 38 31 de
1905 3498 31 30 la
1950 3496 295 38 Grande-Bretagne
2269 3496 155 28 attendent
2439 3493 43 31 fié-

1761 3542 193 26 vreusement
1967 3544 59 30 que
2040 3541 76 25 oette
2134 3536 91 37 grève
2243 3535 142 37 générale
2400 3534 96 30 éclate

1762 3587 74 26 pour
1858 3576 143 37 expédier
2027 3574 259 30 immédiatement
2313 3582 39 21 en
2380 3574 118 28 Franoe

1761 3618 52 28 des
1830 3617 98 30 flottes
1942 3615 129 31 entières
2086 3615 37 30 de
2137 3614 130 31 bateaux
2282 3613 37 31 de
2347 3612 151 30 charbon*

1763 3657 47 30 Eu
1826 3665 50 20 cas
1892 3656 37 30 de
1942 3657 91 35 grève
2046 3656 150 37 générae,
2212 3653 213 37 l'exportation
2440 3652 53 30 des

1763 3696 151 30 oba?bons
1932 3696 99 35 beige*
2047 3693 73 31 ohez
2144 3702 54 22 noi
2226 3692 115 31 voisins
2370 3692 116 30 d'outre

1765 3735 168 35 Qniévraiu
1968 3732 156 40 prendrait
2150 3732 270 31 immédiatement
2447 3732 52 30 dei

1765 3776 190 39 proporiioni
1971 3774 236 30 considérables.

1856 3815 46 30 De
1916 3815 71 30 telle
2001 3820 79 24 sorte
2094 3822 69 30 que,
2179 3813 119 37 d'aprè*
2315 3820 85 25 vous,
2424 3809 78 31 dani

1765 3855 39 31 de
1820 3855 85 31 tellei
1918 3854 172 30 condilioni
2117 3855 32 27 la
2171 3853 90 37 grève
2282 3850 142 37 générale
2450 3849 52 31 de*

1767 3894 137 31 mineuri
1925 3894 135 34 françaii
2088 3893 131 30 n'aurait
2243 3899 119 21 auoune
2388 3889 113 30 chance

1767 3935 38 30 de
1820 3933 129 31 réuiiite
1964 3931 15 31 ?

1859 3971 202 31 Absolument
2074 3978 7 27 ;
2111 3978 87 30 soyez
2228 3970 148 38 persuadé
2394 3966 109 39 qu'tlle

1768 4012 163 28 avorterait
1952 4012 259 28 misérablement.

1861 4050 38 31 El
1916 4059 74 21 vou»
2022 4058 37 22 ne
2087 4058 106 28 croyez
2222 4058 53 28 pas
2298 4056 58 31 que
2383 4049 44 30 lei
2447 4046 38 30 mi-

1770 4100 91 21 neurs
1880 4093 99 35 belge»
1996 4098 32 21 le
2054 4089 171 31 mettraient
2254 4096 37 21 en
2319 4089 89 35 grève
2430 4094 76 31 pour

1770 4134 136 27 loatenir
1922 4131 81 28 leun
2020 4128 178 31 camarade»
2226 4127 164 35 fraiçM»?

1863 4169 81 31 C'est
1969 4178 72 22 mon
2054 4170 66 27 avi»
2135 4169 118 31 formel,
2271 4169 18 27 à
2304 4167 100 31 moini
2421 4169 67 34 peut-

1769 4211 61 28 être
1859 4211 90 37 qa'ou
1978 4207 196 32 transformât
2198 4208 31 30 la
2244 4207 138 37 question
2398 4209 90 27 écono-

1772 4252 102 34 mique
1886 4258 38 21 en
1939 4250 142 37 queation
2098 4247 157 37 politique.

1909 4299 31 28 A
1952 4297 417 31 Monteeau-!ee-Mlnea

2095 4348 162 31 Moûtceau,
2272 4346 35 28 90
2323 4344 151 31 novembre

1812 4384 58 31 Lei
1894 4384 181 37 pendarme»
2102 4383 135 32 arrivent
2263 4388 66 25 ton»
2356 4383 43 30 le»
2427 4383 81 35 |our«

1773 4424 76 30 dan»
1866 4424 43 30 le»
1922 4426 90 28 ville»
2027 4423 143 31 minière»
2185 4423 41 30 du
2243 4423 208 37 département
2472 4421 38 31 de

1774 4463 99 30 S»ône
1890 4467 28 26 et
1935 4463 97 30 Loite.
2074 4462 27 31 A
2152 4462 164 31 Montceau
2334 4460 174 37 les-Mines,

1774 4504 120 38 Blaczy
1918 4505 43 28 les
1975 4519 8 4 -
1996 4501 102 32 Mine»
2151 4508 28 24 et
2230 4500 204 32 Monlchaniu
2452 4501 57 28 les-

1775 4544 111 34 Minei,
1905 4544 26 30 ie
1946 4541 98 31 calme
2059 4545 44 27 est
2127 4541 122 38 parfait,
2276 4545 27 27 et
2331 4550 60 21 une
2420 4540 91 38 petite

1775 4583 235 30 turrexoilalion
2033 4581 126 31 n'existe
2184 4589 59 30 que
2257 4579 100 39 parmi
2381 4579 41 31 les
2440 4579 53 30 chô-

1775 4630 102 22 meur»
1919 4623 146 37 renvoyé»
2098 4622 35 28 de
2170 4622 28 28 la
2231 4619 193 38 Compagnie
2459 4619 52 30 de»

1775 4663 99 28 mine»
1907 4661 38 30 de
1974 4661 119 37 Blaizy
2126 4669 38 20 ou
2196 4659 37 30 de
2262 4661 30 28 la
2322 4657 190 38 Compsgaie

1780 4701 177 33 Sncheider,
1983 4700 52 38 qui
2057 4708 18 20 a
2089 4700 54 30 de»
2166 4700 80 37 puiti
2263 4701 17 27 à
2296 4697 214 31 Montubanin.

1815 4740 30 31 A
1878 4742 66 35 pari
1972 4740 146 38 quelque»
2147 4737 91 39 petit»
2268 4737 71 30 lait»
2367 4735 90 32 isolé»
2485 4740 28 27 et

1778 4780 141 33 anodins,
1937 4780 65 30 rien
2016 4779 39 31 de
2079 4778 178 39 parliootier
2271 4782 18 24 a
2303 4778 144 35 signaler.
2464 4774 48 32 Oo

1780 4820 104 28 attend
1899 4827 58 28 que
1972 4819 28 31 le
2015 4821 61 27 mol
2092 4818 119 30 d'ordre
2237 4821 85 33 parle
2336 4818 43 27 du
2404 4817 111 30 comité

1778 4859 109 34 lédérl,
1900 4866 71 22 «an»
1991 4858 71 38 quoi
2078 4858 45 30 lei
2146 4857 136 31 mineur»
2297 4865 38 21 ne
2350 4856 164 37 quitteront

1780 4907 52 27 pa»
1851 4898 28 31 le
1893 4897 122 31 travail.

2016 4946 236 33 Saint-Etienne,
2270 4946 33 28 20
2317 4945 163 32 novembre.

1818 4985 59 31 Le»
1892 4983 157 39 «yndicat»
2066 4984 52 30 de*
2134 4983 136 32 mineurs
2283 4987 52 27 oui
2350 4983 116 35 envoyé
2481 4989 34 24 ce

1780 5027 197 35 télégramme
1991 5024 18 28 à
2024 5022 45 31 M.
2087 5022 89 32 Colle
2187 5034 7 19 :
2211 5030 15 20 «
2244 5022 87 32 Nom
2347 5022 99 30 allons
2463 5022 35 30 dô

1780 5067 94 28 oriier
1890 5065 31 28 la
1937 5065 92 35 grève
2043 5063 142 37 générale
2202 5069 26 24 ».

1820 5104 81 30 Mais
1926 5108 77 25 cette
2030 5109 125 22 menaoe
2181 5101 50 31 n'a
2255 5109 54 31 pas
2337 5108 109 24 enoore
2472 5101 45 31 été

1782 5145 77 30 mise
1874 5145 18 27 à
1906 5141 172 32 exécution.

1781 5209 60 47 La
1859 5207 261 47 discussion
2153 5220 84 31 >nr
2268 5204 252 63 l'emprunt

2164 5295 91 33 Paria,
2270 5294 35 28 20
2320 5293 162 30 novembre.

1821 5331 57 32 Loi
1894 5336 144 31 orateurs,
2057 5331 125 31 inscrits
2206 5340 76 28 pour
2308 5334 30 27 la
2361 5330 107 30 sôanoa
2484 5329 35 31 d«

1782 5373 124 31 demain
1931 5374 18 28 à
1974 5374 31 28 la
2028 5370 155 32 Chambre
2210 5380 52 21 sur
2288 5369 165 38 l'emprunt
2480 5368 38 31 de

1782 5412 58 30 200
1864 5413 149 33 millions,
2040 5414 67 27 sent
2131 5419 9 21 :
2163 5409 83 31 MM.
2268 5409 117 31 Lasies,
2413 5407 104 39 Denys

1788 5452 129 33 Coohin,
1946 5452 38 30 de
2008 5451 122 33 Ramel,
2147 5450 144 31 Rouvier,
2310 5448 32 31 S.
2369 5446 150 35 Ferrand,

1788 5490 206 39 Doumergne,
2011 5491 37 30 C.
2068 5490 138 30 Pclletan
2223 5493 28 26 et
2264 5487 138 31 Viviani.

1821 5530 46 30 M.
1880 5530 104 31 Laiies
1996 5538 19 20 a
2027 5529 120 31 déolaré
2160 5529 78 30 dam
2249 5530 43 28 les
2303 5528 130 30 couloirs
2446 5525 76 39 qu'il

1785 5577 37 24 ne
1837 5574 102 26 volera
1954 5577 53 28 pas
2030 5570 30 30 le
2082 5569 96 37 projtl
2200 5568 43 30 du
2265 5570 252 34 gouvernement.

1786 5609 26 30 Il
1827 5609 103 38 espère
1944 5609 104 31 rallier
2074 5608 28 30 la
2127 5608 97 31 droite
2246 5608 18 28 à
2280 5603 37 39 s,à
2336 5604 136 31 manière
2485 5604 37 32 de

1785 5648 76 34 Toir,
1878 5653 28 26 et
1926 5648 184 31 déterminer
2126 5647 80 31 ainsi
2229 5655 54 30 par
2297 5644 156 32 l'alliance
2469 5642 52 33 des

1786 5688 93 37 partis
1896 5688 150 31 extrême*
2062 5688 31 28 la
2107 5689 90 27 chute
2212 5686 41 31 du
2270 5683 169 32 ministère.

1794 5784 252 67 FAITS
2104 5784 122 67 DU
2282 5781 237 70 JOUR

1975 5893 167 31 L'affaire
2163 5890 176 32 Monnier.

1831 5942 142 33 Poitieri,
1988 5942 222 32 80novembre.
2280 5939 44 31 La
2341 5940 81 31 Cour
2438 5941 67 37 d'ap-

1789 5985 47 35 pel
1856 5992 18 20 a
1899 5982 97 31 reudu
2023 5980 194 40 aujourd'hui
2251 5988 54 20 son
2336 5981 78 28 arrôt
2443 5981 79 28 dans

1789 6021 130 31 l'affaire
1932 6021 39 31 de
1984 6022 31 28 la
2030 6021 170 38 séquestrée
2212 6019 35 30 de
2263 6019 141 30 Poitieri.

1828 6060 45 32 M.
1892 6059 116 33 Marcel
2023 6060 154 31 Monnier.
2193 6059 172 30 condamné
2393 6066 38 24 en
2456 6066 48 31 pre-

1791 6100 93 31 mière
1898 6100 138 31 instanoe
2050 6099 71 32 àlé
2137 6099 77 30 mois
2228 6099 37 30 de
2288 6099 113 38 prisen,
2432 6106 19 21 a
2477 6099 46 30 été

1795 6138 144 39 aoquilté.

1899 6188 57 30 Un
1976 6189 128 33 patron
2126 6183 61 39 qui
2207 6183 64 31 fait
2290 6183 118 39 grèv*

2257 6223 59 2 »>
2493 6222 11 4 a
2512 6224 11 1 _

1832 6226 118 40 Nancy,
1967 6228 39 28 20
2020 6229 215 28 novembre.—
2249 6226 28 30 A
2291 6227 146 35 Pompey,
2454 6226 69 37 près

1794 6262 118 41 Nancy,
1931 6268 27 30 le
1971 6267 150 30 direoieur
2135 6265 52 30 des
2209 6263 136 32 Aciérie*
2359 6273 18 21 a
2404 6265 122 30 déolaré

1794 6314 57 30 que
1865 6307 31 28 la
1917 6306 136 31 semaine
2082 6305 165 37 proohaine
2275 6305 22 30 il
2326 6302 200 32 diminuerait

1794 6346 41 30 les
1852 6346 125 31 salaires
1991 6344 39 31 de
2044 6344 37 28 15
2095 6341 51 37 0,0

1833 6384 32 30 Si
1878 6392 48 24 ee*
1948 6384 157 31 condition
2117 6383 143 32 n'étaient
2287 6391 54 30 pa*
2370 6383 155 35 accepté»*

1795 6423 20 30 il
1827 6424 156 32 fermerai!
1997 6431 56 21 sen
2068 6423 97 30 usine.

1948 6476 50 30 La
2019 6474 116 34 garde
2167 6472 20 31 à
2213 6471 158 37 l'Elysée

1834 6516 98 35 Paris,
1950 6515 38 31 SO
2003 6515 174 32 novembre.
2239 6514 83 30 Pour
2335 6515 28 28 la
2378 6510 149 39 première

1795 6555 67 34 fois,
1877 6556 43 30 les
1933 6562 131 22 zouaves
2079 6559 52 28 ont
2165 6555 115 37 ooonpé
2311 6555 28 30 le
2373 6555 85 35 poste
2489 6552 38 30 de

1794 6595 92 37 garde
1902 6595 19 31 à
1935 6594 145 38 l'Elysée.

2564 1350 59 30 Les
2639 1357 129 21 zouaves
2796 1354 67 25 loal
2891 1346 142 31 casernés
3060 1354 39 20 au
3126 1346 59 28 lon
3220 1346 37 28 de

2528 1390 191 35 Nogent-sur
2737 1387 119 32 Marne.

2708 1440 47 28 M.
2777 1440 146 37 Kruger
2943 1437 19 30 à
2983 1436 91 31 Nice

2569 1494 98 34 Paris,
2682 1491 39 31 20
2735 1493 174 30 novembre.
2978 1491 44 31 Le
3047 1488 78 31 Soir
3154 1496 105 20 assure

2529 1534 94 37 qu'un
2635 1532 221 30 fonctionnaire
2872 1533 77 28 Boër
2963 1530 122 31 attaché
3099 1530 17 28 à
3138 1528 31 28 la
3190 1535 52 30 per-

2529 1581 94 21 sonne
2649 1573 37 28 4e
2708 1571 141 30 l'illustre
2871 1571 159 30 Président
3046 1569 99 30 aurait
3158 1569 70 28 loué
3242 1569 18 27 à

2530 1620 54 22 son
2600 1611 150 31 intention
2764 1619 43 20 un
2833 1615 84 25 vaste
2944 1613 211 33 appartement
3183 1606 76 30 dans

2529 1661 43 21 un
2585 1652 80 28 hôtel
2682 1651 41 28 du
2738 1655 100 25 centre
2852 1650 37 30 de
2903 1649 87 30 Nies.

2568 1690 45 32 La
2630 1689 104 31 Vairis
2745 1689 123 31 dément
2881 1696 39 22 en
2930 1688 137 31 dernière
3080 1688 92 30 heure
3184 1689 77 28 otite

2530 1730 208 31 information.

2630 1783 96 28 Mort
2746 1780 90 31 dans
2857 1786 39 24 sa
2917 1779 86 31 sali»
3019 1779 46 31 de
3080 1778 87 32 bain

2570 1835 41 31 L?
2628 1835 112 34 Hivre,
2757 1833 39 32 20
2810 1833 174 32 novembre.
3074 1832 51 31 Un
3141 1831 122 32 notable

2531 1879 206 32 commerçant
2752 1876 41 30 du
2807 1873 115 33 Havre,
2939 1872 44 30 M.
2999 1871 209 34 Barrizbâitia,
3239 1879 19 20 a

2531 1918 46 28 été
2591 1915 124 31 violime
2728 1923 34 21 ce
2773 1913 97 31 matin
2885 1911 73 32 d'un
2986 1920 92 28 grave
3106 1911 149 30 acaidenl.

2533 1955 26 31 Il
2575 1955 149 39 pénétrait
2738 1954 77 30 dan*
2845 1961 33 21 «a
2908 1951 74 30 «aile
3009 1951 37 31 de
3069 1950 99 35 bain*,
3191 1957 73 22 avec

2532 2003 59 21 une
2606 1994 109 38 boogie
2730 1994 139 32 allumée,
2887 1990 105 39 quand
3004 1995 63 25 tout
3080 1991 18 28 à
3112 1998 78 28 ooup
3206 1995 59 25 une

2532 2035 183 28 formidable
2730 2031 161 38 explosion
2906 2039 32 22 1e
2953 2029 150 39 produisit
3118 2040 7 25 ;
3142 2039 41 20 un
3213 2029 35 28 do-

2533 2074 149 37 mestique
2695 2076 93 33 ayant
2805 2070 102 31 oublié
2921 2070 31 30 la
2966 2068 92 32 veille
3085 2068 37 31 de
3155 2068 111 31 fermer

2533 2121 41 21 un
2591 2115 169 34 compteur,
2777 2113 28 28 le
2819 2119 56 28 gaz
2887 2108 183 38 d'éolairage
3093 2107 98 32 l'était
3219 2108 31 30 ré-

2533 2152 104 39 pandu
2652 2152 77 28 dan»
2744 2152 30 28 la
2789 2151 84 37 pièoe
2887 2150 111 30 durant
3013 2148 31 30 la
3057 2146 67 32 iiuit
3151 2152 28 26 et
3207 2146 43 32 j'é-

2533 2192 53 30 tait
2602 2192 165 31 enflammé
2785 2198 40 21 au
2839 2192 118 27 coaiacl
2970 2187 39 31 de
3024 2189 30 30 la
3067 2186 119 38 bougie.
3219 2185 46 32 La

2533 2231 138 31 violenoe
2686 2231 38 31 de
2750 2229 182 38 l'exploiion
2959 2228 45 30 lut
3037 2226 70 31 telle
3132 2233 60 31 que
3219 2225 45 32 le*

2536 2276 98 32 pcrtei
2649 2270 100 31 furent
2763 2269 172 34 entoooéei,
2950 2269 43 28 lei
3009 2274 84 24 mun
3109 2265 156 32 erevaiiéi

2536 2309 243 39 profondément.

2575 2350 102 34 Quant
2691 2350 19 30 à
2724 2348 46 31 M.
2789 2347 209 34 Berrizbeitia,
3025 2346 116 39 projeté
3167 2353 52 21 lur
3243 2344 27 30 le

2537 2394 57 28 tel,
2609 2389 21 31 il
2646 2399 19 21 a
2678 2391 46 30 été
2738 2388 106 32 atteint
2859 2387 37 32 de
2911 2387 59 31 trèi
2985 2394 119 30 groiiei
3119 2385 150 31 brûlures.

2577 2428 48 32 On
2641 2430 159 38 déieipère
2815 2428 38 31 de
2867 2427 28 31 le
2908 2434 120 22 laaver.

2786 2480 58 31 Un
2872 2477 151 32 forcené

2576 2531 90 34 Lille,
2682 2530 39 31 20
2745 2529 175 32 novembre.
3013 2525 76 32 Hier
3117 2525 72 35 «oir,
3207 2532 66 24 ver*

2539 2570 47 31 liz
2600 2571 119 33 heure*,
2737 2578 43 21 un
2792 2570 124 30 nommé
2929 2567 111 35 Tafflu,
3058 2565 56 38 âgé
3128 2565 38 31 de
3177 2564 81 38 vingt-

2538 2615 65 33 sept
2619 2619 65 25 an*,
2702 2609 96 31 marié
2813 2608 107 37 depuis
2936 2615 43 22 un
2993 2615 50 25 an,
3059 2604 79 31 mail
3164 2604 107 31 l'étant

2539 2652 105 35 léparé
2670 2649 38 31 de
2737 2657 33 21 ta
2796 2648 124 33 femme,
2948 2655 31 21 le
3007 2644 167 38 présentait
3202 2644 73 28 chez

2541 2688 107 32 l'onole
2674 2689 37 31 de
2726 2692 76 27 celle
2828 2687 150 33 dernière,
3014 2685 45 30 M.
3076 2685 99 35 Leroy
3193 2682 63 31 Cou-

2539 2738 102 27 vreur,
2668 2727 164 39 aiguilleur
2861 2734 39 22 an
2927 2725 124 32 ohemin
3085 2724 37 31 de
3161 2724 45 28 fer
3234 2722 43 30 du

2541 2769 98 35 Nord,
2654 2777 52 21 rua
2721 2767 38 31 de
2773 2765 234 33 Valenciennei,
3025 2765 18 30 à
3066 2764 91 30 Lille.
3182 2761 26 31 Il
3224 2763 35 30 de-

2541 2809 115 31 manda
2668 2809 18 28 à
2700 2817 56 20 ion
2781 2809 86 28 onale
2890 2805 37 30 de
2955 2805 43 28 lui
3027 2803 184 33 pardonner,
3242 2809 34 22 oe

2541 2848 120 32 dernier
2673 2848 112 31 refuia.
2804 2844 144 34 Furieux,
2965 2843 103 31 Tafûu
3093 2843 110 37 frappa
3219 2850 56 20 son

2543 2889 89 31 oncle
2659 2888 38 30 de
2722 2884 137 32 dix-huit
2887 2891 97 30 ooupi
3007 2883 37 31 de
3069 2889 128 24 couteau
3210 2884 28 27 et
3252 2881 27 30 le

2542 2927 102 32 blena
2657 2927 200 35 grièvement.
2875 2923 43 31 Sa
2931 2923 112 31 femme
3058 2927 28 25 et
3115 2922 30 30 la
3164 2922 115 28 femme

2544 2968 35 30 de
2595 2967 98 38 Leroy
2709 2968 83 28 étant
2806 2970 177 27 «urvenuei,
3001 2961 100 31 Taffin
3117 2962 44 28 le*
3180 2960 100 30 bletia

2543 3007 171 38 également
2743 3007 17 27 à
2789 3012 93 28 coup*
2911 3002 37 31 de
2975 3005 126 27 couteau
3128 3005 28 25 et
3176 2999 60 39 prit
3252 3000 28 28 la

2544 3046 84 33 fuite,
2648 3046 25 30 Il
2691 3053 17 21 a
2719 3046 47 28 élé
2780 3044 98 28 arrêté
2891 3043 18 30 à
2926 3043 28 30 la
2970 3045 84 34 porte
3069 3040 38 32 de
3122 3039 91 31 Fives
3226 3046 56 31 par

2545 3089 43 30 le*
2604 3089 104 34 agenti
2724 3085 38 31 de
2776 3085 30 28 la
2822 3083 117 30 Sûreté.

2587 3188 52 67 A
2686 3180 560 74 L'ETRANGER

2798 3301 243 38 BULGARIE

2617 3351 90 27 MUw
2722 3350 118 28 Stone
2856 3352 40 25 et
2909 3356 73 20 nom
2998 3353 219 21 amoureux

2583 3394 87 33 Soia,
2700 3393 34 28 30
2764 3393 162 28 novembre.
3024 3392 40 27 La
3099 3390 188 28 Wetscherna

2551 3431 92 27 Posta
2668 3437 128 20 annonce
2824 3431 86 32 qn'un
2941 3430 89 32 prêtre
3059 3425 184 28 macédonion
3270 3431 17 20 a

2551 3467 93 26 donnâ
2659 3465 39 26 les
2713 3464 243 33 lenseignements
2979 3463 131 26 suivant*
3124 3470 47 18 sur
3190 3461 84 27 l'enlè-

2551 3502 116 25 vement
2681 3500 33 26 de
2730 3500 71 26 miss
2820 3497 89 30 Stone
2926 3506 6 19 :

2585 3535 40 27 La
2644 3534 203 27 missionnaire
2862 3533 177 27 américaine
3052 3531 60 34 (qui
3129 3539 15 20 s
3164 3533 64 32 pins
3255 3529 32 26 de

2551 3570 34 27 50
2600 3570 63 31 ans)
2676 3568 44 28 eit
2734 3569 119 27 détenue
2868 3569 70 25 dans
2963 3568 28 26 la
3015 3567 110 27 maison
3142 3566 33 27 de
3190 3565 83 28 Bekir-

2552 3607 102 33 paoba,
2669 3606 17 26 à
2700 3604 91 32 Seres,
2807 3612 34 19 en
2857 3601 182 30 Mviédonie.

2588 3639 191 34 Bokir-pacha
2792 3641 41 24 est
2849 3645 155 20 amearenx
3018 3639 33 25 de
3065 3637 73 27 Miss
3154 3635 87 28 Stone
3255 3635 26 26 et

2554 3676 131 28 voudrait
2708 3676 144 33 l'épouser,
2883 3673 73 27 maie
2972 3671 203 30 l'Amérloaine
3194 3671 91 26 relase

2554 3712 231 32 éuprjjiquement
2802 3713 41 24 cet
2858 3710 138 27 honnear.

2590 3746 39 27 La
2649 3743 189 31 Yt'etschena
2867 3744 93 26 Posta
2985 3743 93 34 ajoute
3105 3750 53 26 que
3183 3741 87 28 Bekir-

2557 3783 90 32 pacba
2659 3782 41 26 est
2713 3788 40 20 un
2771 3781 115 26 homme
2900 3778 154 35 distingué,
3083 3778 77 26 élevé
3187 3778 17 26 à
3222 3776 53 27 l'eu-

2556 3817 149 33 repéenne.
2720 3819 27 24 et
2763 3823 54 25 %n*
2831 3815 73 27 Miss
2920 3814 87 27 Stone
3019 3815 45 26 n'a
3074 3814 80 33 point
3169 3814 17 26 à
3200 3813 79 27 crain-

2557 3854 46 25 dre
2617 3853 33 26 de
2665 3853 129 26 violence
2806 3850 32 26 ds
2854 3857 31 19 sa
2901 3852 61 32 part
2978 3848 6 27 1

2591 3887 25 26 Il
2629 3887 107 26 détient
2752 3887 27 26 la
2797 3885 202 27 missionnaire
3013 3892 81 26 parce
3113 3882 72 35 qu'il
3200 3882 94 33 espère

2557 3922 126 34 toujours
2702 3921 103 34 qu'elle
2819 3921 96 26 eèdera
2927 3922 27 24 et
2966 3919 161 27 consentira
3145 3919 17 26 fc
3190 3919 90 32 l'épou-

2557 3965 53 18 ser.

2569 4063 66 66 La
2678 4063 193 66 Guerre
2915 4063 64 64 du
3015 4057 278 69 Transvaal

2563 4189 51 30 La
2627 4189 195 30 situation.
2891 4188 125 30 Piètre
3040 4187 163 30 résultat
3229 4185 71 30 de»

2577 4230 130 28 efforts
2733 4230 46 28 de
2832 4228 105 37 l'Aieçi
2955 4234 137 24 eterre.
3206 4226 71 28 Loi*

2616 4270 117 28 Boira
2750 4278 43 19 se
2805 4269 239 37 multiplient.
3107 4266 72 30 Les
3190 4265 40 30 Al-

2712 4309 168 30 lemands
2900 4312 33 25 et
2955 4307 45 30 M.
3017 4305 107 32 Cham-

2844 4346 157 30 berlain.

2604 4436 53 31 Six
2680 4436 168 31 reddition»
2863 4443 56 30 psr
2934 4435 136 31 semaine
3085 4434 61 31 !...
3164 4434 44 30 Ce
3226 4434 63 28 ohif-

2565 4478 58 35 jre,
2643 4478 110 28 rxtrail
2780 4476 43 30 du
2852 4480 124 33 rapport
3000 4474 240 31 hebdomadaire
3268 4473 37 30 de

2571 4517 66 28 lord
2674 4515 165 30 Kiicbener
2876 4515 115 30 semble
3012 4513 196 31 caractériser
3233 4520 73 21 avec

2570 4564 61 21 une
2646 4557 149 28 véritablé
2807 4557 168 34 éloquence
2999 4553 81 31 l'étal
3104 4552 99 31 d'âme
3228 4552 72 28 d'un

2569 4597 112 35 peaple
2706 4604 59 28 que
2798 4593 61 30 l'on
2887 4602 79 21 nous
2992 4594 171 35 représente
3187 4591 118 37 chaque

2568 4637 67 34 jour
2652 4643 119 20 somme
2785 4637 18 26 à
2818 4633 72 30 bout
2906 4633 37 30 de
2955 4632 107 31 foroe».
3089 4631 102 34 Ain*i,
3217 4631 89 37 apré»

2570 4676 67 35 plu*
2655 4675 35 28 de
2706 4674 79 28 deux
2800 4672 112 30 année»
2927 4671 37 31 de
2979 4680 119 28 guerre,
3124 4678 58 22 une
3206 4671 102 28 armée

2569 4714 37 30 de
2620 4711 128 37 250,000
2774 4711 143 30 homme!
2944 4710 159 31 mobilisée
3131 4713 104 27 contra
3261 4709 44 31 le»

2569 4753 79 30 deux
2663 4752 195 37 république»
2877 4750 239 30 sud-afrioaines
3131 4753 46 27 eit
3198 4756 89 31 parve-

2569 4800 60 22 nue
2643 4793 18 28 à
2674 4800 124 21 amener
2813 4799 60 21 une
2888 4789 152 31 reddition
3057 4798 54 30 par
3125 4789 80 37 jour.

2610 4831 51 30 Un
2675 4833 38 27 tel
2727 4831 89 30 eflorl
2830 4831 191 28 aboulitaanl
3037 4831 18 27 à
3079 4838 41 21 un
3144 4830 39 28 tel
3213 4827 79 31 résul-

2570 4874 52 30 tat,
2640 4870 77 31 n'eit
2732 4878 33 20 ce
2779 4878 56 30 pa»
2850 4871 31 27 là
2895 4878 43 21 un
2966 4872 152 26 conlraile
3146 4869 162 28 laiiinant

2570 4913 27 27 et
2613 4910 38 30 de
2665 4912 107 27 nature
2786 4910 19 28 i
2818 4910 187 35 décourager
3028 4910 44 30 le*
3098 4909 72 37 plus
3197 4907 111 30 terme»

2571 4949 189 38 optimisme»
2783 4948 12 30 ?

2609 4988 46 31 La
2669 4995 109 31 guerre
2792 4988 152 33 continue,
2974 4988 71 37 plut
3072 4987 72 38 âpre
3175 4994 58 30 que
3261 4985 32 35 js-

2572 5028 90 33 mais,
2680 5028 77 30 dan»
2772 5028 31 30 la
2817 5028 122 30 colonie
2950 5027 44 30 du
3009 5026 67 38 Cap
3103 5026 50 34 où,
3184 5024 124 30 suivant

2571 5076 44 22 an
2629 5070 124 34 rapport
2781 5067 128 38 apporté
2937 5074 39 21 au
3006 5066 157 38 président
3191 5065 119 35 Krùger

2572 5115 56 30 par
2642 5106 28 31 le
2686 5106 219 31 oommandant
2921 5105 125 34 Muller,
3070 5104 69 31 aide
3154 5104 38 31 de
3220 5111 91 28 camp

2572 5147 37 31 de
2627 5146 111 34 Botha,
2753 5147 28 28 le
2793 5145 220 31 commandant
3031 5144 111 30 Maritz
3157 5151 32 22 ie
3216 5141 94 32 lerail

2574 5189 132 34 emparé,
2724 5185 77 31 dan»
2817 5186 27 28 le
2858 5184 159 38 voisinage
3048 5184 100 30 même
3181 5181 38 31 de
3252 5179 40 32 Ca-

2575 5229 131 34 pelown,
2740 5224 37 32 de
2807 5223 155 39 plusieurs
2995 5223 129 31 millier»
3159 5222 37 32 de
3235 5220 53 32 che-

2576 5274 92 21 vaux.

2626 5316 50 26 Le
2689 5316 248 25 naoavesnent
2960 5313 234 35 baéropblle
3208 5320 50 20 en

2829 5349 230 32 illemacne

2609 5399 135 34 Londres,
2758 5396 35 28 20
2807 5399 162 27 novembre.
3060 5396 149 28 Plusieurs
3234 5398 63 33 jour-

2576 5441 78 21 naux
2665 5435 194 26 commentent
2885 5433 26 27 le
2940 5433 185 26 mouvement
3152 5432 161 27 d'hostilité

2576 5470 50 34 qui
2641 5471 81 33 règae
2738 5477 33 19 en
2786 5470 171 33 Allemagne
2972 5470 96 25 contre
3094 5466 44 28 M.
3155 5466 137 31 Chamber-

2577 5505 59 27 lain
2652 5504 99 34 depuis
2767 5505 26 26 le
2806 5504 111 27 dernier
2944 5503 126 28 discours
3099 5504 139 33 prononeé
3262 5507 51 27 par

2576 5546 30 20 ce
2621 5539 142 27 ministre.
2789 5538 76 28 Tons
2878 5538 195 34 reproduisent
3100 5538 48 26 des
3177 5538 135 32 dépêches

2576 5575 33 27 de
2623 5575 98 27 Berlin
2738 5576 144 32 signalant
2903 5577 46 22 des
2976 5572 135 27 réunions
3137 5572 174 27 d'étudiants

2576 5609 165 34 auxquelles
2756 5609 136 27 assistent
2917 5609 47 26 des
2991 5608 181 34 professeurs,
3202 5614 35 20 ou
3266 5606 46 26 des

2577 5644 112 28 artioles
2704 5643 34 28 de
2748 5643 143 34 journaux
2917 5644 57 26 très
2988 5643 133 32 violents,
3149 5649 35 21 ou
3213 5642 47 26 des
3275 5642 26 25 ré-

2577 5680 137 27 solutions
2733 5681 91 25 votées
2841 5687 50 27 par
2902 5679 47 27 des
2959 5678 115 30 sooiétés
3089 5678 33 27 de
3136 5678 141 27 vétérans.

2610 5713 39 28 Le
2662 5713 92 37 Daily
2769 5714 77 26 Mait
2858 5721 130 20 oonsaore
3001 5720 40 20 un
3058 5714 65 33 long
3138 5712 98 30 vticle
3252 5713 15 24 i
3282 5717 30 20 oe

2576 5750 84 34 sujet.
2681 5747 113 35 D'après
2824 5757 50 19 son
2893 5748 217 34 correspondant
3124 5747 17 27 à
3156 5746 110 28 Berlin,
3287 5745 26 27 le

2577 5785 191 31 mouvement,
2785 5784 50 34 qui
2849 5792 35 20 au
2900 5784 85 27 débuf
2999 5783 70 28 était
3094 5781 149 34 purement
3259 5786 37 20 an-

2577 5818 287 31 tiobamberlainiste,
2884 5822 41 24 est
2952 5818 109 27 devenu
3089 5825 57 19 une
3171 5816 139 34 agitation

2577 5852 184 37 anglophobe.
2779 5852 39 28 Le
2830 5852 115 34 journal
2962 5861 31 19 se
3009 5851 139 28 demande
3176 5852 25 25 si
3228 5851 67 26 l'An-

2576 5889 117 34 gleterre
2707 5895 100 27 pourra
2823 5888 63 34 pins
2904 5888 162 33 longtemps
3093 5887 131 26 marcher
3239 5884 58 27 d'ao-

2577 5923 63 27 cord
2654 5930 67 20 avec
2747 5929 39 20 un
2811 5929 69 27 pays
2909 5922 97 27 animé
3033 5920 34 28 de
3096 5920 104 35 pareils
3219 5919 77 28 senti-

2577 5962 105 22 ments.

2615 5993 22 27 Il
2652 5994 126 33 rappelle
2792 5993 26 27 le
2829 5991 53 30 fait
2909 5991 71 34 qu'il
3008 5999 19 26 y
3054 5998 17 21 a
3097 5998 40 20 un
3165 5996 52 27 peu
3248 5989 63 33 plus

2577 6027 66 27 d'un
2659 6035 37 20 an
2711 6027 44 28 M.
2771 6027 204 28 Chamberlain
2992 6026 79 27 avait
3100 6026 78 27 salué
3211 6024 85 28 l'Alle-

2578 6071 102 27 magne
2694 6071 110 20 comme
2817 6070 56 20 une
2884 6060 98 28 nation
2998 6060 85 28 alliée
3109 6063 28 25 et
3164 6059 41 28 *ui
3233 6059 78 27 avait

2577 6098 53 27 fait
2656 6099 90 26 tontes
2773 6099 85 26 sortes
2887 6096 33 27 de
2947 6097 214 33 compliments.
3187 6096 26 27 A
3241 6097 70 25 oette

2577 6135 115 33 éptqne,
2708 6133 22 27 il
2746 6132 97 28 faisait
2856 6131 46 27 des
2917 6131 151 26 réflexions
3083 6131 50 33 qui
3149 6130 162 27 froissaient

2578 6169 28 27 la
2621 6168 116 28 Franoe.
2754 6167 189 35 Aujourd'hui
2957 6165 66 28 c'est
3054 6165 191 34 l'Allemagne
3260 6164 48 35 qni

2577 6204 41 26 est
2633 6203 128 27 offensée.
2777 6203 38 27 Le
2825 6202 113 34 journal
2954 6202 113 26 conelut
3077 6209 56 26 que
3148 6200 40 30 M.
3201 6200 89 30 Cham-

2578 6236 110 31 berlain
2702 6246 18 20 a
2734 6239 26 27 le
2773 6239 53 26 don
2842 6236 125 34 d'agaoer
2981 6243 41 19 ses
3034 6235 122 27 voisins.

2619 6273 51 32 Un
2704 6275 80 30 train
2812 6273 104 30 blindé
2943 6272 52 38 qui
3026 6272 197 37 transportait
3256 6269 52 32 des

2581 6317 120 33 treupes
2718 6322 17 19 a
2748 6315 47 28 été
2820 6313 123 37 attaqué
2969 6312 66 37 près
3064 6311 37 31 de
3117 6311 194 35 Morresberg

2643 6353 19 27 à
2687 6352 39 31 70
2747 6353 176 30 kilomètres
2934 6351 38 30 de
3000 6350 170 35 Capetewn
3183 6352 7 26 !
3256 6357 54 30 par

2581 6392 52 30 des
2649 6391 93 31 Boêrs
2758 6392 110 31 abrités
2883 6391 77 30 dans
2973 6398 61 21 une
3047 6390 104 31 ferme.
3184 6389 26 30 Il
3226 6398 18 20 a
3270 6396 39 30 pu

2581 6431 181 31 néanmoins
2778 6431 180 38 poursuivre
2970 6438 33 19 sa
3019 6432 94 26 rente.

2622 6470 59 30 Sur
2695 6471 31 30 la
2740 6471 83 37 ligne
2836 6470 38 31 de
2890 6468 159 37 Mefeking
3072 6470 19 26 à
3120 6468 188 35 Kimbarley,

2581 6516 43 24 nn
2636 6514 86 26 autre
2737 6511 80 28 train
2832 6509 104 31 blindé
2949 6516 18 21 a
2981 6508 66 34 tiré,
3059 6508 18 27 à
3093 6507 71 30 bout
3178 6509 130 35 portant,

2582 6556 51 22 snr
2648 6549 53 30 dix
2720 6549 93 30 Bsir*
2826 6549 52 37 qui
2894 6547 198 32 traversaient
3100 6548 32 27 la
3145 6548 70 30 voie
3228 6549 83 27 entre

2584 6588 44 32 De
2647 6588 91 32 Bien
2752 6593 28 27 et
2796 6588 65 37 Dry
2877 6587 104 35 Harii,
2995 6589 27 28 et
3037 6587 44 30 les
3107 6587 116 30 soldat*
3256 6593 54 21 an-

3312 1346 79 34 glais
3406 1348 51 25 oui
3475 1351 38 28 pu
3529 1348 139 31 capturer
3685 1351 40 18 au
3742 1346 146 32 Iroup-au
3902 1341 37 27 da
3961 1345 71 21 mou

3313 1390 66 22 ions
3392 1387 28 26 «I
3436 1382 37 30 de
3489 1381 90 31 bétail
3594 1389 84 21 assez
3693 1380 176 37 important.

3352 1422 59 31 Ces
3423 1424 216 34 engagements
3706 1419 70 31 bien
3796 1427 58 28 que
3875 1415 170 31 fatoraklei

3313 1470 61 20 aux
3405 1460 131 39 Aurait
3628 1459 193 31 démontrent
3853 1465 84 21 assez
3965 1465 66 19 com

3314 1500 70 32 bien
3412 1504 30 26 la
3469 1496 97 33 iioari
3581 1500 17 30 é
3624 1499 52 31 dei
3703 1496 138 32 chemins
3869 1496 37 31 de
3932 1496 45 28 ler
4003 1498 43 27 eit

3313 1540 149 28 illusoire.

3354 1579 94 30 Ealre
3476 1581 111 33 lempi,
3617 1578 30 28 la
3673 1577 111 31 femme
3820 1576 40 28 du
3894 1574 155 37 président

3315 1618 96 38 S«e>ja
3425 1628 18 20 a
3456 1620 52 32 été,
3526 1625 119 21 comme
3657 1625 76 21 nous
3746 1615 211 32 i'annonciooi
3971 1615 76 33 hier,

3315 1659 143 34 •xpaiito
3472 1658 38 30 de
3526 1656 148 37 l'Afrique
3697 1656 41 30 du
3763 1655 64 31 Sud
3854 1659 30 25 el
3911 1654 138 37 déporté?

3317 1706 73 21 aveo
3422 1706 45 22 ies
3502 1697 72 38 cinq
3601 1696 120 30 enfants
3750 1702 37 24 en
3817 1693 130 38 Europe,
3980 1693 69 27 hion

3317 1736 109 38 qu'elle
3451 1736 57 30 «oil
3534 1736 76 30 dam
3639 1744 41 21 un
3707 1737 61 27 élal
3789 1733 38 31 de
3848 1735 85 28 santé
3948 1731 89 38 déplo

3318 1776 84 30 rable
3426 1779 28 27 el
3482 1783 59 30 que
3567 1776 28 28 la
3627 1776 152 28 traversée
3807 1776 28 27 al
3863 1773 27 31 ••
3919 1772 131 37 brusque

3319 1817 202 37 obaugamenl
3548 1815 37 30 de
3611 1815 105 30 olimal
3744 1813 136 38 puissent
3914 1812 44 30 lui
3991 1809 60 31 diru

3319 1856 144 31 funestes.

3357 1894 92 32 Voilà
3476 1902 72 24 sans
3575 1894 90 30 douta
3692 1902 60 21 une
3780 1892 37 31 de
3842 1900 48 21 ces
3918 1897 133 24 mesure»

3319 1935 180 38 énergiques
3524 1942 59 30 que
3605 1933 175 33 réclamant,
3797 1941 73 20 avec
3887 1933 64 27 tant
3976 1929 61 31 d'in-

3320 1980 143 28 sistance,
3481 1975 41 28 les
3537 1974 152 35 journaux
3704 1971 216 38 impérialistes
3935 1968 7 31 1

3441 2024 104 26 Dans
3557 2023 40 27 1*
3611 2022 155 27 colonie
3780 2022 53 26 dm
3848 2022 76 33 Cap

3356 2068 133 28 Londres.
3503 2067 33 27 20
3548 2068 167 27 novembre.
3781 2066 46 28 On
3849 2067 71 27 écrit
3943 2065 39 27 du
3996 2062 60 35 Cap

3321 2112 37 21 au
3372 2104 231 35 Daily-Exprets
3619 2111 52 27 que
3686 2104 40 26 la«
3749 2101 135 34 dépêche*
3911 2099 145 27 ofloielle*

3321 2141 28 25 et
3363 2139 84 27 Mlles
3461 2146 53 26 que
3529 2139 39 26 les
3583 2138 231 34 correspondants
3843 2138 63 25 sont
3921 2133 135 30 autorisés

3324 2177 14 26 k
3352 2181 124 26 envoyer
3497 2181 34 19 ne
3546 2173 126 27 deanent
3687 2180 111 19 anenne
3813 2172 60 27 idée
3889 2171 34 27 de
3935 2171 78 27 l'état
4025 2169 33 28 de

3324 2210 119 28 malaii*
3469 2209 51 35 qui
3547 2210 83 33 règne
3658 2209 66 27 d'u»
3741 2205 66 32 bout
3839 2207 15 27 à
3868 2207 102 26 l'antre
3981 2205 34 26 de
4030 2205 28 26 la

3324 2244 123 28 ooloaie.

3359 2278 47 31 Un
3420 2280 47 27 des
3484 2278 93 35 points
3593 2278 40 27 lei
3650 2278 61 34 plus
3726 2277 168 32 alarmant*,
3918 2276 65 27 e'est
4005 2281 56 28 que

3326 2315 26 28 la
3376 2315 117 27 nombre
3520 2315 46 27 de*
3594 2314 182 27 commandos
3806 2314 77 27 boers
3909 2313 151 33 augmente

3326 2359 64 20 ■ans
3405 2359 74 20 oesso
3493 2350 72 27 daa*
3579 2349 47 27 de*
3643 2349 176 34 proportions
3849 2355 53 27 que
3919 2355 34 19 ne
3981 2354 64 20 oonc-

3327 2394 84 26 paase
3426 2394 48 26 pas
3490 2387 26 26 le
3527 2385 116 28 nombre
3658 2385 46 27 des
3717 2383 172 33 priteaiieri
3918 2382 66 27 faits
4012 2388 48 28 par

3327 2422 39 27 las
3381 2420 131 35 Anglais,
3528 2424 26 24 et
3570 2427 53 27 que
3639 2420 39 26 les
3693 2420 85 26 Boers
3793 2426 53 26 que
3861 2419 56 26 l'on
3932 2418 53 27 fait
4002 2417 45 34 prl-

3327 2457 128 28 sonaiers
3469 2458 64 26 aoat
3547 2456 70 28 dans
3627 2464 40 19 un
3694 2457 58 26 état
3767 2453 143 28 florissant
3924 2453 33 26 de
3981 2452 80 27 santé

3327 2493 39 26 tel
3376 2499 65 27 que,
3456 2491 206 28 certainement
3676 2490 71 28 daas
3758 2492 39 25 le*
3813 2489 193 32 commandos,
4023 2487 39 27 le*

3330 2528 84 27 Beers
3428 2526 99 27 vivent
3541 2526 78 27 aussi
3634 2525 76 32 bien,
3724 2525 84 27 sinoa
3834 2524 98 27 mieux
3947 2531 54 27 que
4023 2524 39 26 les

3330 2562 104 28 soldat*
3448 2562 33 27 d*
3495 2563 28 26 la
3539 2562 85 27 reine.

3387 2610 71 26 Le*
3469 2609 122 26 Boers
3605 2608 203 28 tiendront
3822 2608 182 34 toojonrn

3365 2659 94 32 Pari*,
3470 2657 35 27 ÏO
3520 2657 162 27 novembre.
3746 2657 39 27 Le
3800 2655 137 35 idorning
3950 2654 115 30 Leader

3331 2694 43 27 dit
3389 2694 71 34 qu'il
3474 2701 19 26 y
3508 2701 17 20 a
3539 2701 97 19 encore
3663 2692 98 28 12.000
3785 2693 85 27 Boers
3899 2700 34 19 en
3963 2699 100 25 arme*,

3333 2731 73 33 pjêts
3420 2731 17 27 4
3448 2728 149 28 continuer
3611 2728 60 27 leur
3685 2730 72 26 Intte
3774 2728 143 34 héroïque.

3366 2764 181 34 L'Arueigar,
3576 2771 102 27 organe
3704 2764 156 30 allemand,
3886 2764 43 26 est
3956 2761 109 28 certain

3332 2807 54 27 que
3413 2802 39 26 les
3485 2800 85 26 Boers
3602 2802 122 31 peuvent
3752 2798 148 27 continuer
3915 2798 28 26 la
3971 2805 96 26 guern

3335 2837 123 32 pendant
3474 2836 32 26 de
3515 2837 116 32 longues
3646 2835 105 27 années
3765 2842 110 20 encore.

3337 2940 215 83 REVUE
3585 2940 86 83 DE
3705 2940 81 81 LA
3819 2935 244 86 PRESSE

3380 3087 35 32 M.
3439 3086 307 34 Waldeck-Rousseau
3765 3085 28 33 et
3809 3085 27 33 le
3854 3081 175 44 protectorat

3497 3132 54 32 des
3570 3131 138 33 missions
3731 3129 184 41 catholiques

3383 3188 50 35 De
3469 3188 46 35 M.
3559 3188 177 44 Alphonse
3776 3185 172 35 Humbert
3990 3185 83 32 dans

3339 3231 12 35 l
3352 3231 137 34 'Eclair
3510 3236 20 31 à
3548 3243 124 33 propos
3691 3234 47 32 du
3755 3231 154 33 discours
3928 3237 125 33 pronon-

3340 3280 38 32 cé
3398 3278 109 33 mardi
3530 3280 19 31 à
3568 3276 32 34 la
3626 3276 169 35 Chambre
3811 3285 59 34 par
3902 3273 50 35 M.
3969 3270 81 37 Wal-

3341 3321 283 34 deck-Roueseau
3645 3322 84 32 dans
3761 3321 32 33 la
3824 3318 190 35 discussion
4035 3317 41 32 de

3341 3366 187 43 l'emprunt
3547 3366 131 34 chinois
3694 3374 9 25 :

3378 3436 72 32 Quel
3467 3436 158 27 admirable
3640 3437 98 25 avccat
3749 3442 54 26 que
3831 3435 25 26 la
3880 3432 144 35 pré*idant
4039 3430 37 26 du

3343 3472 105 26 conseil
3459 3470 6 27 !
3482 3471 129 34 Quelqoe
3630 3478 80 19 cause
3724 3474 84 31 qu'on
3823 3468 41 27 Ici
3891 3468 97 32 confia,
4003 3467 22 26 il
4050 3467 28 25 la

3345 3507 93 33 plaide
3452 3514 66 19 aveo
3534 3507 28 26 la
3591 3507 92 26 même
3710 3503 213 37 ispeecabililé
3945 3507 33 22 de
3993 3501 83 33 style,

3345 3544 27 25 la
3389 3543 91 25 même
3498 3541 131 33 ampleur
3652 3540 33 27 de
3712 3548 77 18 vues,
3807 3540 28 26 la
3857 3540 94 26 même
3965 3535 115 28 envolée

3345 3576 118 33 superbe
3478 3585 60 17 ver»
3555 3578 39 25 le*
3609 3576 85 26 bants
3718 3578 136 24 sommets
3880 3575 28 24 et
3935 3574 39 25 les
3990 3572 90 32 larges

3347 3611 138 28 horizons.
3503 3611 24 27 Il
3542 3611 94 27 fallait
3660 3611 132 26 entendra
3820 3609 33 26 de
3880 3607 93 35 quelle
3989 3606 91 33 parole

3346 3647 109 33 imagée
3469 3650 26 24 et
3522 3646 113 33 lyrique
3661 3646 24 26 il
3712 3644 132 35 éroquait
3872 3644 27 26 le
3922 3643 87 34 grand
4025 3641 56 26 rôle

3346 3683 64 34 joué
3426 3690 47 21 par
3489 3679 116 32 l'Eglise
3618 3681 70 27 dans
3704 3679 165 28 l'évolution
3885 3678 46 27 d*»
3948 3677 117 26 eivilina-

3348 3717 83 28 tioas.
3449 3725 34 18 an
3511 3716 139 28 Occident
3679 3716 144 32 autrefois,
3837 3722 34 20 en
3902 3712 102 30 Orient
4031 3718 35 19 su

3348 3752 154 35 jourd'hui.
3523 3752 102 27 C'était
3639 3751 37 27 du
3702 3750 91 28 Taine
3819 3751 26 26 le
3870 3749 63 33 plo»
3948 3746 123 27 emballé

3348 3788 46 28 On
3411 3790 48 24 eût
3472 3788 43 26 été
3534 3788 76 26 tenté
3637 3788 33 25 de
3698 3787 40 27 lui
3764 3785 71 27 orier
3852 3793 6 19 :
3875 3791 13 17 «
3904 3783 84 27 Alor»
4015 3788 69 20 vous

3350 3830 132 20 renoncez
3497 3826 14 22 à
3528 3822 28 27 la
3570 3821 39 27 loi
3624 3829 48 19 sur
3686 3822 39 26 les
3750 3820 184 27 aassoiatiou»
3946 3819 6 22 !
3970 3827 14 15 »
4009 3816 24 27 ri
4059 3817 25 41 J«

3350 3862 48 24 ton
3415 3859 103 33 anqjel
3533 3859 130 26 l'orateur
3677 3856 80 27 avait
3772 3856 78 26 élevé
3865 3855 26 26 le
3909 3853 83 27 débat
4007 3853 77 26 n'eût

3350 3893 112 34 éloigne
3476 3893 81 26 l'idée
3572 3892 33 26 de
3620 3899 30 19 ce
3664 3899 83 26 genre
3762 3894 33 24 de
3810 3888 191 35 plaisanterie.

3394 3954 50 33 D<3
3464 3952 47 35 M.
3553 3952 109 34 Henri
3697 3953 59 32 des
3793 3951 115 39 Houx,
3944 3951 83 32 dans
4054 3947 32 34 le

3354 3997 131 43 Figaro
3506 4007 59 22 sur
3579 3997 31 33 le
3633 3997 110 32 même
3762 3996 91 43 sujet
3874 4004 9 25 :

3387 4068 109 28 Jamais
3526 4068 115 26 homme
3667 4067 33 26 de
3728 4064 221 37 gouvernement
3978 4061 110 28 n'avait

3356 4106 63 28 plus
3435 4103 83 26 noble
3531 4109 81 20 cause
3626 4103 17 25 fc
3658 4102 117 33 plaider.
3798 4101 25 26 Il
3837 4098 141 34 s'agUsalt
3993 4098 33 25 de
4041 4097 32 25 dé-

3356 4140 97 26 fendre
3465 4140 92 26 toutes
3572 4139 39 26 les
3639 4136 152 27 traditions
3819 4135 33 25 de
3876 4136 79 25 notre
3985 4131 89 34 patrie

3356 4176 81 25 celles
3454 4173 58 33 qui,
3530 4172 67 26 dans
3615 4172 25 26 la
3657 4173 85 32 passé,
3777 4172 26 26 la
3817 4172 81 26 firent
3926 4168 109 33 grande
4059 4169 26 25 et

3357 4211 71 26 forte
3454 4209 145 31 l'héritage
3613 4215 52 24 qae
3681 4211 26 22 la
3725 4206 178 32 République
3930 4211 17 20 a
3973 4211 63 26 r*<ju
4058 4201 32 26 d«

3358 4253 50 18 ■os
3425 4244 76 34 pèrsa
3517 4246 27 24 et
3556 4243 103 34 qu'alla
3672 4241 59 27 doit
3745 4241 145 33 agrandir,
3905 4239 70 27 faire
3989 4237 87 28 fructi-

3358 4281 59 26 fier.
3435 4287 63 18 nous
3513 4277 80 34 p»iae
3607 4279 33 24 de
3656 4278 163 25 déehéauce.

3393 4315 52 30 Ces
3461 4313 151 28 traditions
3630 4313 156 27 nationales
3813 4313 27 25 et
3867 4310 116 32 sicriW,
4012 4309 61 33 quel-

3359 4358 66 27 ques
3441 4350 130 26 sectaires
3586 4349 38 25 Us
3641 4348 118 26 reaient.
3777 4346 41 27 M.
3837 4344 237 30 V/aldeolt-Rous-

3359 4391 66 20 seau
3455 4387 39 25 les
3519 4383 170 33 revendique
3715 4382 177 27 hautement.
3922 4381 24 26 Il
3972 4381 39 26 les
4041 4377 52 28 tait

3360 4422 112 25 tisanes
3488 4427 9 19 i
3511 4419 22 27 il
3550 4419 123 27 n'admet
3687 4426 47 25 pas
3750 4417 84 34 qu'on
3850 4424 18 25 y
3883 4415 111 27 tauehe.

3394 4455 26 28 Il
3436 4463 34 19 ae
3485 4456 66 25 veut
3568 4461 48 26 pas
3632 4460 56 19 non
3705 4453 61 33 plus
3781 4453 84 33 qu'on
3880 4450 102 28 touoha
3996 4450 18 26 à
4028 4449 52 26 l'ar-

3361 4493 72 25 mée.

3394 4525 78 27 Avaa
3487 4524 93 34 quelle
3605 4524 120 27 hauteur
3739 4521 22 28 il
3777 4530 15 19 a
3807 4521 124 34 répondu
3956 4520 18 27 &
4000 4526 28 20 es
4055 4525 26 19 so-

3361 4560 112 27 cialiste
3506 4558 51 34 qui
3589 4558 41 27 lui
3659 4557 165 27 demandait
3850 4554 243 28 commnnicatien

3361 4596 66 26 d'un
3443 4597 115 32 rapport
3570 4592 181 27 aonfidentiel
3780 4591 38 27 du
3843 4592 111 33 générai
3979 4590 115 32 Voyron

3361 4638 47 18 sur
3424 4631 135 32 quelques
3575 4628 74 27 actes
3665 4626 175 27 individuels
3857 4629 32 24 de
3917 4626 116 25 cruauté
4061 4631 34 18 ou

3361 4664 215 33 d'inaisoipiine
3604 4662 120 26 commis
3750 4669 33 19 en
3811 4661 94 28 China
3920 4659 6 27 1
4015 4665 13 18 «
4045 4658 48 26 Ces

3363 4701 139 33 rapports,
3519 4706 15 20 a
3548 4697 43 27 dit
3607 4697 25 27 la
3646 4696 122 34 premier
3794 4696 142 32 ministre,
3965 4701 69 20 neus
4062 4701 35 19 na

3364 4735 40 28 las
3420 4733 163 35 publierons
3594 4730 115 37 jamais
3719 4733 8 25 !
3742 4739 14 19 »

3397 4769 113 27 Bavant
3537 4772 71 22 cette
3626 4766 150 35 énergique
3794 4766 123 27 dootrine
3931 4765 34 27 da
3979 4772 102 27 gouver-

3364 4805 128 30 «esoent,
3508 4804 130 26 combien
3667 4801 187 35 paraissaient
3880 4800 162 33 mesquines
4058 4800 40 26 le*

3365 4839 129 35 passion*
3510 4839 149 26 haineuses
3674 4840 26 24 et
3715 4844 128 26 rageuses
3857 4835 46 27 des
3920 4834 136 28 Htbbard
4071 4838 27 22 et

3364 4879 46 22 des
3441 4873 117 28 Sembat
3575 4871 6 27 !
3609 4871 52 30 Cas
3690 4872 135 26 radicaux
3841 4872 27 25 et
3883 4878 43 19 ces
3941 4870 156 27 socialistes

3364 4911 50 26 ont
3446 4910 99 26 courbé
3574 4909 28 26 la
3628 4907 54 27 téta
3697 4913 64 20 sous
3778 4907 26 25 la
3819 4904 80 28 main
3915 4905 37 27 du
3969 4905 130 33 puissant

3364 4948 109 24 •rateur
3488 4943 50 33 qui
3553 4943 40 26 las
3608 4941 194 31 condamnait,
3819 4948 64 20 sous
3911 4941 41 27 les
3978 4939 104 34 applau-

3365 4981 171 26 dissement!
3552 4984 136 26 vengeurs
3704 4977 87 32 partis
3820 4976 32 26 da
3883 4977 61 25 tous
3961 4975 39 27 les
4015 4974 84 28 banos

3365 5015 35 27 où
3415 5014 109 33 siègent
3537 5014 46 26 des
3599 5013 144 33 patriates.

3402 5049 43 27 En
3461 5052 71 25 jatte
3547 5046 171 27 mémorable
3732 5046 106 30 séance,
3855 5046 22 27 il
3892 5046 43 26 est
3952 5052 56 20 une
4020 5046 79 26 autre

3365 5085 137 28 tradition
3530 5091 53 26 que
3599 5080 43 28 M.
3656 5080 305 28 Waldeck-Rousseau
3987 5087 15 19 a
4029 5080 57 25 rele-

3366 5121 59 31 vée,
3442 5120 69 26 celle
3524 5119 50 32 qui
3591 5117 97 27 faisait
3712 5117 47 26 des
3782 5117 159 27 détenteurs
3969 5114 37 27 du
4036 5121 47 26 pou-

3366 5156 61 27 voir
3443 5161 56 20 non
3514 5154 46 25 des
3575 5151 78 27 chefs
3667 5151 33 27 de
3715 5151 84 34 parti,
3816 5151 73 27 mai*
3904 5151 46 26 des
3964 5150 78 27 chefs
4067 5150 33 26 de

3367 5190 230 34 gouvernement,
3615 5194 54 19 non
3700 5186 46 26 d«s
3776 5186 129 27 hommes
3928 5184 33 27 da
3993 5184 105 28 faction

3369 5224 72 30 mais
3455 5224 47 27 des
3519 5224 128 25 hommes
3670 5220 105 28 d'Etat.

3402 5259 78 27 Nous
3504 5265 86 20 avons
3620 5257 61 27 hier
3709 5257 137 31 retrouvé,
3862 5257 15 24 à
3893 5255 27 27 la
3934 5255 54 27 tlta
4003 5255 33 26 de
4051 5261 48 20 nos

3367 5295 120 28 afialrss,
3504 5301 39 19 un
3557 5293 138 27 véritable
3711 5293 115 27 homme
3840 5289 104 30 d'Etat.

3404 5329 41 28 La
3459 5328 107 28 France
3582 5327 203 27 oonservatrica
3811 5326 65 27 s'est
3902 5324 103 34 reprisa
4031 5324 15 27 k
4061 5333 26 19 es-

3369 5366 87 33 pérer.
3476 5363 53 28 Las
3557 5353 263 40 révolutionnaires,
3850 5361 39 27 les
3917 5367 65 20 tans
3999 5359 99 34 patrie,

3367 5402 40 25 las
3420 5401 98 33 agents
3533 5399 33 27 de
3578 5400 30 26 la
3618 5398 170 27 dissolution
3817 5395 144 28 nationale
3974 5398 27 25 et
4016 5394 33 27 da
4072 5394 28 30 la

3367 5434 172 35 liquidation
3565 5433 102 28 sociale
3690 5435 50 28 pnt
3761 5431 146 27 rencontié
3931 5438 39 19 un
3998 5430 85 27 adver-

3367 5477 81 26 saire,
3465 5470 35 26 où
3513 5470 38 26 ils
3565 5469 156 34 espéraient
3735 5474 40 19 ua
3789 5466 146 33 complice.

3402 5505 46 27 Au
3462 5504 85 27 sortir
3561 5504 38 27 du
3613 5502 257 30 Palais-Bourbon,
3900 5507 71 20 nous
4004 5502 79 26 enten-

3367 5541 81 27 dions
3463 5548 40 19 un
3520 5537 177 37 républicain
3715 5536 110 28 modéré
3837 5535 60 27 dira
3911 5535 18 27 à
3944 5542 40 20 un
4002 5535 98 35 député

3367 5574 142 30 socialiste
3524 5582 7 19 :

3451 5610 43 26 Kh
3511 5610 64 26 bien
3591 5607 6 27 t
3613 5609 64 27 o'ast
3692 5614 40 21 un
3746 5606 111 27 divorce
3880 5607 79 26 entra
3986 5606 28 27 le
4043 5604 38 28 Mi-

3369 5646 104 27 nistère
3485 5647 27 25 al
3528 5643 268 34 l'exlrlme-gauche
3808 5640 7 27 1

3449 5679 46 28 Oh
3509 5679 6 27 I
3531 5679 146 34 répondait
3691 5681 27 24 le
3731 5675 151 33 socialiste,
3898 5676 67 28 c'est
3979 5678 60 26 tout
4062 5681 37 21 au

3369 5717 65 34 plus
3450 5724 38 19 un
3503 5721 71 27 caup
3588 5713 33 28 da
3635 5712 77 28 canif
3726 5711 69 28 dans
3810 5711 26 27 le
3850 5712 104 27 contrat-

3402 5765 32 5 —
3448 5750 77 33 Non,
3541 5757 69 26 non,
3622 5756 71 20 vous
3707 5748 26 27 la
3759 5753 104 27 verrez,
3879 5747 66 27 o'est
3974 5745 63 28 bien
4059 5751 38 20 un

3366 5785 123 30 divorce.

3400 5822 79 26 Nous
3493 5828 35 19 en
3543 5820 145 32 acceptons
3702 5816 154 28 volontiers
3870 5817 131 33 l'aogare.

3402 5856 39 28 Ce
3454 5855 85 26 serait
3553 5861 39 20 un
3607 5855 34 26 de
3653 5861 45 19 aes
3713 5852 124 27 divoroes
3853 5859 53 28 que
3921 5855 8 24 1
3943 5849 152 35 Evangile,

3367 5898 53 20 son
3437 5890 157 26 seulement
3611 5891 117 26 permet,
3744 5888 73 26 mais
3831 5894 151 26 encourage
3994 5893 48 26 par
4057 5887 39 26 les

3366 5924 145 34 paraboles
3524 5923 33 27 da
3572 5922 130 28 l'Enfant
3718 5922 133 35 prodigne
3865 5924 26 25 al
3918 5920 46 27 des
3980 5922 99 32 quatre-

3366 5959 236 35 vingt-dix-neuf
3614 5957 89 34 justes
3717 5955 6 28 !

3566 6002 56 33 Sur
3640 6000 28 35 la
3689 6011 18 22 a
3725 5999 138 40 Syllabui
3882 6009 18 22 »

3406 6056 51 33 De
3514 6052 50 37 M.
3604 6053 142 45 Eugène
3780 6052 182 34 Tavernier
4012 6053 83 35 dans

3364 6098 175 35 l'Univers
3557 6107 12 26 :

3398 6164 79 28 Nous
3491 6164 156 28 entendons
3671 6164 139 31 beaaaoap
3837 6161 130 37 d'atprila
3986 6162 92 28 distin-

3364 6206 66 28 gués
3443 6201 71 27 faire
3527 6201 30 27 la
3576 6201 77 32 leçsa
3677 6207 37 20 aa
3741 6197 162 28 looiallim*
3926 6198 168 27 deotriaalre

3364 6240 27 22 •I
3403 6227 115 44 jaeabin
3531 6239 27 25 st
3574 6236 41 26 lai
3631 6234 144 34 repiooher
3788 6234 33 26 da
3833 6234 116 33 s'égarer
3961 6234 71 26 daai

3365 6276 76 21 ▼oies
3455 6272 38 26 da
3508 6268 146 31 Sulfabw.
3678 6267 38 28 Ils
3731 6275 27 19 se
3782 6268 63 27 sont
3861 6268 141 34 persuadé,
4028 6276 63 18 soi.

3365 6314 52 25 que
3432 6307 60 25 leur
3507 6306 100 27 liberté
3618 6312 28 19 se
3660 6311 79 27 passe
3752 6302 32 26 da
3797 6305 87 33 règles
3898 6306 27 25 et
3953 6304 32 27 de
4013 6305 78 33 peint

3364 6341 133 34 d'appui,
3514 6348 30 19 oe
3555 6341 48 32 qui
3620 6347 34 18 ne
3669 6340 39 25 les
3722 6339 135 32 smpêobe
3885 6346 48 25 pas
3952 6338 33 27 de
4009 6345 66 27 pous-

3364 6384 43 19 ser
3422 6380 46 22 des
3482 6376 54 27 ori<
3547 6377 133 25 d'alarme
3702 6377 27 22 et
3743 6374 33 25 de
3804 6377 133 24 réclamer
3964 6374 46 26 des
4036 6380 38 19 me-

3365 6418 76 19 sures
3456 6410 178 33 répressives,
3651 6410 110 32 lorsque
3785 6407 28 28 la
3839 6410 105 26 lloeme
3967 6411 41 25 41*
4013 6409 25 26 la
4052 6416 38 19 nn

3365 6448 137 26 oaraotère
3527 6446 149 31 menaçant
3692 6450 7 21 :
3723 6444 110 33 lorsque
3872 6450 51 28 par
3953 6442 136 35 exemple,

3365 6482 46 26 des
3428 6482 165 32 professeurs
3607 6482 33 22 de
3667 6477 183 28 l'Université
3870 6478 131 34 priohent
4025 6480 53 25 l'in-

3365 6517 152 32 discipline
3537 6521 58 20 aux
3618 6513 105 27 loldats
3748 6517 27 22 et
3797 6514 132 27 batonent
3957 6514 79 26 l'idée
4058 6513 33 27 de

3366 6552 99 34 pairie.
3493 6550 52 27 Les
3572 6548 128 28 libéraux
3729 6548 122 28 medéres
3876 6550 154 28 (comment
4052 6548 38 26 les

3365 6587 113 32 appeler
3493 6592 38 21 an
3543 6585 73 33 juste
3630 6581 26 34 ?)
3671 6583 93 28 disant
3790 6585 120 34 qu'alors
3937 6583 30 28 la
3992 6583 99 27 société

4098 1351 41 21 «»t
4154 1355 33 17 sa
4204 1344 83 35 p*ril.
4302 1344 215 28 Parfaitement.
4544 1343 51 31 Or,
4619 1352 30 19 ce
4675 1343 85 35 qo'ils
4788 1352 21 18 M-

4101 1383 92 26 fa«*oi
4212 1381 165 27 d'admettre
4391 1382 65 25 s'est
4479 1388 54 27 que
4560 1382 27 25 la
4603 1380 100 27 liberté
4716 1381 33 25 de
4765 1388 50 25 pen-

4102 1419 41 24 né»
4160 1421 26 21 et
4200 1422 33 19 ae
4250 1416 91 28 parler
4365 1414 94 34 poisse
4486 1415 80 26 «voir
4592 1415 105 33 jamais
4724 1422 38 19 un
4793 1414 37 27 tel

4101 1452 125 26 résaltat.
4244 1450 41 27 IU
4299 1450 172 27 loarnissent
4482 1450 27 26 la
4527 1457 99 27 preuve
4637 1449 86 34 qu'ils
4739 1450 76 25 décla-

4103 1487 90 26 raient
4206 1486 39 27 im
4253 1485 118 31 possible
4385 1492 7 22 ;
4409 1485 38 27 fis
4457 1485 56 34 l'ap
4534 1487 92 25 ortect
4652 1485 54 26 s'en
4720 1487 111 22 serrent

4101 1525 27 24 et
4154 1521 152 26 enteadent
4335 1521 28 26 la
4390 1520 70 27 laite
4489 1524 124 30 aecepter
4644 1526 47 27 par
4717 1522 59 24 toat
4806 1519 25 27 la

4102 1557 112 26 monde.

4137 1591 78 28 Cette
4243 1590 204 27 contraiietion
4475 1591 102 26 étonna
4605 1591 129 26 d'autant
4762 1590 64 33 pins

4103 1635 37 26 qu
4152 1628 22 27 il
4188 1625 133 28 semblait
4336 1633 54 26 que
4403 1625 74 27 seuls
4492 1628 40 24 les
4560 1624 145 34 ignorants
4733 1628 26 25 et
4789 1624 39 28 las

4104 1663 85 33 grossi
4208 1669 26 19 rs
4250 1663 43 24 éio
4303 1663 69 24 iriii
4385 1669 35 19 en
4437 1662 107 26 (asssnt
4560 1661 128 33 capables
4723 1658 48 28 Or.
4795 1668 37 19 an

4104 1696 137 27 oor.l'aire
4267 1696 54 27 elle
4336 1703 17 19 a
4365 1703 39 19 an
4420 1696 109 33 empire
4541 1697 56 25 tris
4612 1696 102 26 étendu
4726 1702 7 25 ;
4748 1697 28 24 et
4802 1695 26 26 ri

4104 1733 53 27 elle
4170 1733 86 27 aboie
4272 1731 162 27 Uoilemeat
4450 1730 25 26 la
4500 1729 136 34 vulgaire,
4665 1730 52 27 atle
4746 1737 35 19 ae
4805 1736 30 19 se

4107 1775 92 24 repose
4215 1774 46 26 pas
4279 1774 54 19 non
4350 1767 61 30 plus
4439 1766 33 27 de
4494 1766 78 34 ]on»r
4599 1765 46 27 de»
4671 1769 77 22 toar*
4775 1770 57 20 aax

4106 1811 66 24 K-BS
4188 1809 94 26 g'&»es
4298 1806 26 22 et
4338 1800 157 35 distingues
4532 1800 60 27 Elle
4620 1801 39 26 H*
4685 1800 150 33 empoigne

4106 1840 77 25 et<»s
4196 1845 94 20 secoas
4306 1839 138 32 lorsqu'ils
4460 1838 63 26 sont
4537 1843 115 26 ooaupei-
4667 1837 58 25 àse
4750 1835 77 26 ioaer

4107 1880 66 19 avec
4188 1879 60 20 oem
4254 1872 142 33 plaisance
4420 1872 33 25 de
4482 1871 125 34 posséder
4633 1878 54 19 enz
4708 1870 74 27 seuls
4808 1870 27 27 ia

4107 1906 79 28 ▼nie
4200 1909 96 26 notioii
4311 1906 34 26 de
4358 1906 28 27 la
4414 1905 107 28 liberté.
4552 1904 63 28 Elle
4643 1905 59 26 leur
4727 1905 110 33 impute

4108 1942 257 33 l'impardonnable
4380 1950 91 18 erraar
4487 1941 33 27 de
4546 1941 79 34 joger
4651 1941 34 26 de
4711 1941 107 26 l'huma-

4110 1978 59 26 nité
4182 1978 105 26 entière
4302 1978 106 26 d'asrès
4424 1977 70 25 lenrs
4511 1978 167 27 penabasts,
4702 1976 73 26 leurs
4789 1975 33 26 in-

4109 2015 90 25 térêts.
4219 2015 72 25 leurs
4307 2011 157 27 habitudes.
4482 2010 63 27 Elle
4557 2011 61 26 leur
4632 2010 43 26 dit
4695 2019 7 18 :
4792 2009 46 27 Ou

4110 2048 74 31 bien,
4202 2055 67 19 v«as
4285 2048 120 26 »fli?m«z
4421 2047 46 26 des
4482 2047 85 33 règles
4583 2054 54 26 que
4651 2054 69 18 vans
4743 2044 79 27 consi-

4111 2086 74 25 dérez
4201 2091 110 19 oomme
4325 2081 172 35 supérieures
4514 2085 26 24 et
4565 2088 54 26 que
4644 2088 69 19 VOUJ
4739 2080 98 26 voaiex

4113 2121 99 25 mettre
4225 2119 148 27 au-deasus
4388 2117 33 27 de
4448 2119 74 25 toute
4551 2115 128 31 atteinte,
4703 2117 27 26 et
4761 2115 73 27 alors

4111 2161 67 19 ▼ona
4191 2160 67 21 avez
4269 2159 38 21 an
4323 2151 139 37 Syllabus
4474 2159 6 21 ;
4495 2159 34 19 ou
4544 2151 66 27 bien
4639 2158 69 20 voas
4736 2157 103 21 avouez

4111 2197 53 27 que
4180 2189 150 32 n'importe
4343 2189 94 33 quelle
4450 2185 106 31 théorie
4571 2193 17 20 a
4600 2185 74 27 droit
4687 2185 32 26 de
4734 2185 64 31 ailé,
4814 2187 27 24 et

4111 2225 73 27 alors
4199 2231 70 19 TOUS
4283 2224 120 26 annales
4417 2222 180 27 voas-mtae
4616 2220 141 28 l'aatorité
4769 2218 71 30 dont

4114 2268 67 19 veas
4195 2259 138 33 invoques
4350 2259 28 26 la
4394 2257 163 33 proteotion.

4243 2376 484 79 Echos

4375 2524 48 33 La
4434 2525 171 32 fabrication
4617 2525 53 32 des
4684 2525 120 32 asticots

4153 2570 72 26 Tout
4239 2569 26 27 la
4280 2569 102 27 monde
4394 2571 115 25 connaît
4524 2569 40 27 1m
4586 2569 91 27 larve*
4706 2570 31 24 de
4767 2576 59 19 mou-

4119 2606 64 26 ahes
4199 2607 27 24 et
4239 2604 34 26 de
4286 2604 135 33 quelqia*
4434 2607 93 24 antres
4548 2604 119 26 inseeie*
4682 2604 47 33 qui
4747 2611 64 19 «ou»
4826 2604 25 26 la

4120 2648 66 19 nom
4201 2637 149 28 d'asticots
4364 2642 64 24 lont
4441 2640 161 32 employées
4630 2646 110 20 comme
4767 2641 84 31 appât

4121 2682 47 26 par
4186 2676 37 25 lu
4239 2675 150 33 pêoheun;
4408 2674 72 28 mais
4494 2681 30 20 sa
4538 2681 53 27 que
4605 2674 54 26 l'oa
4676 2674 56 27 sait
4747 2674 104 28 moins,

4121 2711 65 26 c'ait
4198 2715 53 28 que
4264 2709 111 26 caax-oi
4409 2715 34 20 eu
4476 2711 197 25 consommant
4704 2709 33 26 de
4768 2708 80 27 telles

4120 2746 144 34 quantités
4278 2745 71 33 qu'il
4363 2745 64 26 s'ait
4441 2746 59 25 créé
4514 2752 56 19 nue
4579 2744 139 27 indudiia
4733 2743 120 34 spéciale

4121 2783 174 32 rapportant,
4312 2779 139 34 paralt-U.
4474 2780 32 26 de
4520 2780 54 26 fort
4603 2779 87 27 beaux
4721 2780 132 26 bénéfice*

4121 2819 26 22 •t
4162 2818 87 30 ayant
4265 2820 116 27 presque
4394 2815 188 34 uniquement
4606 2820 70 27 pour
4691 2813 50 27 but
4756 2815 27 26 la
4812 2813 30 27 fa-

4121 2850 138 30 brication
4276 2849 47 27 des
4336 2849 124 28 astioot*.

4156 2885 80 30 Cette
4252 2885 167 26 fabrication
4434 2884 80 34 exige
4528 2884 33 27 da
4574 2885 118 32 grandi*
4708 2884 145 33 quantités

4122 2922 33 26 da
4167 2921 104 27 viande
4287 2928 7 22 ;
4310 2920 77 28 aussi
4414 2922 111 25 est-elle
4533 2928 112 18 euroce
4671 2928 34 18 en
4735 2920 112 28 Kénéral

4123 2956 70 27 dans
4208 2956 38 26 les
4263 2956 56 26 elos
4333 2955 204 34 d'équarissage
4551 2955 35 27 où
4600 2955 56 27 l'on
4671 2954 92 28 traite.
4782 2961 69 26 pour

4123 3000 34 19 in
4173 2991 120 27 extraire
4309 2992 39 25 les
4377 2991 129 26 matières
4533 2991 97 31 utile»,
4657 2992 39 25 les
4722 2989 132 26 «ai»v?as

4124 3027 165 27 d'animaux
4304 3028 26 25 et
4344 3028 112 26 surtout
4467 3025 33 27 da
4514 3025 129 28 obavaux
4667 3025 157 33 impropre*
4839 3025 17 26 i

4124 3060 231 28 l'alimentation.

4161 3097 44 28 En
4220 3100 91 30 temps
4326 3098 33 25 Je
4375 3097 84 32 pêche
4482 3096 27 27 la
4524 3094 105 30 viande
4654 3097 54 25 sert
4735 3093 106 34 unique-

4128 3133 78 26 ment
4221 3132 15 26 à
4252 3132 26 26 la
4294 3131 167 27 fabrication
4478 3131 47 26 de*
4552 3131 113 27 a*ticot*
4694 3130 164 27 fabrication

4128 3168 48 35 qui
4192 3167 151 33 comprend
4358 3165 69 28 trois
4443 3167 102 32 pbaia*
4559 3165 65 27 bien
4643 3165 146 26 diatinote*
4806 3172 7 18 :
4830 3164 28 27 la

4129 3206 91 33 ponte,
4238 3202 141 28 l'éolosioa
4394 3204 27 25 at
4435 3202 28 27 la
4479 3202 111 28 réaolto.

4163 3237 52 28 La*
4232 3237 131 27 mouohes
4377 3237 136 33 prêtèrent
4522 3236 124 34 toujours
4657 3236 131 27 effectuer
4800 3236 60 26 leur

4131 3276 81 32 poate
4232 3281 46 18 sur
4287 3273 46 26 des
4350 3273 117 27 viande*
4482 3280 54 19 non
4552 3274 129 32 expossiei
4695 3279 35 19 au
4750 3269 81 28 soleil
4848 3276 7 19 :

4131 3312 59 25 leur
4206 3308 120 27 instinot
4342 3308 60 27 leur
4416 3308 131 33 eciieigne
4563 3315 53 26 que
4630 3308 26 26 la
4669 3307 81 30 soleil
4773 3306 74 27 deisd-

4130 3346 51 26 ah*
4209 3345 39 26 les
4289 3343 117 28 viandes
4435 3345 27 25 et
4489 3343 52 27 fait
4571 3341 73 34 périr
4672 3343 39 26 les
4740 3346 90 26 larve*
4853 3347 7 20 :

4131 3379 74 27 aussi
4224 3386 69 27 pour
4305 3378 80 28 avoir
4400 3385 56 20 une
4472 3380 81 31 ponte
4566 3377 161 28 abondante
4752 3378 94 31 dépose-

4133 3418 61 25 t-en
4206 3413 124 34 toujours
4345 3415 38 26 las
4395 3413 137 33 quartiers
4547 3413 33 26 de
4593 3412 103 27 viande
4704 3413 15 26 k
4735 3411 128 31 l'ombre,

4134 3451 52 26 jch
4201 3457 64 19 sou*
4279 3449 47 26 de*
4350 3449 145 33 planche*,
4520 3449 54 25 soit
4591 3455 61 19 ia«i
4676 3448 47 27 des
4739 3451 90 25 tentes
4844 3451 15 22 %

4134 3485 80 27 bords
4232 3485 154 32 largamsnt
4402 3484 112 28 relevés,
4540 3483 54 27 soit
4609 3490 97 19 encoro
4717 3485 17 26 k
4748 3482 117 30 l'ombra

4134 3521 33 26 de
4180 3519 103 35 grand*
4298 3517 92 28 arbres
4415 3517 47 27 Au
4479 3519 66 26 bout
4558 3519 66 25 d'un
4639 3517 63 33 jour
4721 3527 35 19 ou
4781 3519 84 27 doux,

4134 3556 118 26 suivant
4266 3554 27 27 la
4307 3554 196 33 température,
4524 3554 38 26 les
4591 3561 104 19 marna
4721 3555 33 26 de
4773 3553 93 28 chai;*

4134 3594 64 22 sont
4230 3592 171 24 réouvertes
4426 3588 99 26 d'caafs
4546 3595 8 25 ;
4577 3595 34 19 on
4641 3588 40 26 las
4708 3589 159 31 transporta

4135 3627 72 26 alors
4224 3632 63 19 sous
4302 3625 45 26 des
4363 3625 122 32 hangars
4501 3631 116 26 presque
4630 3622 112 28 obscurs
4757 3624 69 27 dont
4841 3622 26 26 la

4137 3661 39 26 aol
4192 3660 226 33 soigneusement
4433 3659 122 26 a'mauté
4569 3661 41 24 est
4625 3661 155 32 pa'tagéen
4793 3665 74 20 cases

4140 3704 47 25 par
4201 3697 32 24 de
4251 3696 98 32 petites
4363 3694 120 25 cloisons
4496 3700 35 19 en
4545 3693 123 33 brique*.

4174 3730 154 28 L'éc'oiion
4342 3739 27 17 sa
4383 3728 52 28 fait
4448 3728 70 27 dana
4543 3730 39 26 las
4611 3736 72 19 ca-ss
4695 3737 9 26 ;
4734 3730 27 27 la
4788 3728 77 27 larve

4140 3769 67 24 naît,
4222 3775 27 17 se
4265 3767 109 25 nourrit
4389 3765 32 25 de
4437 3764 80 26 chair
4543 3771 33 19 eu
4598 3764 221 33 dacompoiltina
4844 3765 25 24 et

4141 3802 104 26 bientôt
4261 3801 113 25 devient
4389 3798 106 27 adulte.
4519 3798 133 27 L'astiaot
4677 3801 92 33 quitte
4796 3800 72 26 alors

4141 3843 26 20 ■a
4182 3836 103 27 viande
4315 3837 126 32 paresirt
4466 3835 27 26 la
4521 3842 61 19 case
4610 3837 27 24 et
4664 3836 65 26 fiu't
4759 3842 48 27 par
4834 3841 34 19 en

4141 3879 111 19 irouvrr
4265 3872 167 26 l'oa7eriare
4448 3876 6 19 :
4470 3870 65 25 o'est
4551 3870 27 26 lk
4591 3876 54 26 qaa
4658 3879 28 19 sa
4702 3870 52 27 fait
4780 3870 26 25 la
4822 3869 31 26 ré-

4141 3911 79 22 coita.

4527 3967 158 38 Reportage
4708 3966 117 33 Yankte

4182 4012 56 30 Le:
4252 4016 146 33 reporters
4413 4011 184 31 américains
4612 4020 37 21 ne
4665 4018 66 22 sont
4760 4011 111 37 jamais

4144 4062 14 19 a,
4174 4058 84 24 ooarJ
4271 4055 37 27 de
4324 4055 155 26 aoarailns
4494 4061 7 26 ;
4519 4061 18 27 q
4548 4051 73 30 iand
4638 4052 37 28 ils
4691 4051 70 30 a'sn
4787 4056 66 25 trou-

4144 4100 67 21 ver)
4231 4101 61 26 pas,
4311 4093 39 27 ils
4367 4101 37 20 on
4417 4091 185 37 fabriques!.

4144 4153 13 19 «
4176 4144 27 30 Il
4231 4144 64 30 leur
4310 4144 64 28 faut
4401 4144 41 28 du
4459 4153 151 25 nouveau,
4629 4144 67 28 n>n
4711 4143 80 30 f&t-iî
4807 4143 69 37 p!a»

4646 4182 52 33 (au
4713 4185 110 28 monda
4837 4181 8 30 t
4860 4192 15 19 »

4179 4234 38 30 El
4231 4237 26 27 la
4274 4237 132 26 machine
4434 4238 14 24 è
4470 4235 25 27 le
4524 4234 143 35 fabriqaer
4697 4238 105 25 «étant
4830 4243 47 27 pae

4144 4279 98 18 encore
4256 4273 141 25 Inventée.
4414 4271 35 26 il<
4465 4272 48 25 oat
4530 4278 77 18 résou
4624 4279 12 17 s
4652 4272 14 24 à
4684 4271 58 25 Uar
4772 4271 89 32 lmagl-

4148 4309 96 25 nntJoo
4261 4306 48 34 qnl
4338 4310 41 22 esl
4394 4311 104 30 grande
4508 4313 7 24 ;
4540 4313 109 19 oimica
4676 4305 142 26 l'humour
4845 4312 34 20 na

4148 4344 58 24 leur
4222 4342 52 26 fait
4287 4342 104 33 jamais
4407 4342 104 31 défaut,
4528 4341 35 27 ils
4579 4348 112 20 servent
4706 4346 17 21 a
4737 4341 72 27 leurs
4826 4342 40 26 lec

4148 4381 85 26 leurs,
4248 4376 83 27 sinon
4346 4377 38 26 du
4398 4375 72 28 vrai,
4499 4383 35 20 an
4565 4376 93 26 meins
4672 4376 39 26 du
4737 4375 120 27 vraisem-

4149 4411 100 28 blable.
4267 4420 66 19 avec
4350 4420 54 18 nos
4419 4419 81 19 sauce
4509 4419 74 19 assri
4602 4410 135 34 piquante
4752 4419 67 25 poar
4833 4419 31 18 ex-

4149 4448 67 25 citer
4232 4446 128 34 l'appsli*
4372 4446 34 26 de
4421 4447 74 25 leurs
4509 4446 118 26 lecteurs
4656 4446 48 33 qui
4720 4446 116 26 veulent
4863 4446 17 26 h

4150 4485 59 24 tout
4226 4482 61 28 prix
4304 4481 94 28 savoir
4410 4488 99 19 encore
4522 4488 8 25 ;
4559 4481 37 27 il*
4623 4481 115 26 aierenl
4767 4481 38 26 Us
4831 4480 33 26 dé-

4150 4518 66 25 tails
4230 4515 6 27 !

4183 4552 170 26 L'aventure
4367 4551 67 27 don!
4448 4551 80 26 vient
4543 4551 85 26 d'être
4641 4551 119 26 victime
4775 4550 84 27 Mada-

4152 4596 44 18 me
4209 4586 156 27 Roosevitll.
4383 4586 27 27 la
4424 4585 85 34 digne
4522 4592 157 28 compagne
4693 4586 37 26 du
4753 4592 129 20 nouveau

4153 4623 139 32 président
4304 4626 47 21 dis
4364 4620 171 27 Etats-Unis
4563 4629 33 19 en
4625 4625 40 22 est
4693 4629 39 19 un
4757 4620 124 34 plaisant

4150 4657 137 32 exemple.
4304 4656 48 27 Un
4363 4657 112 32 journal
4496 4656 155 26 amérioain
4680 4655 78 27 avait
4787 4655 97 34 publié

4153 4700 54 19 une
4224 4691 150 32 prétendue
4388 4690 150 27 interview
4553 4690 70 28 dans
4639 4690 122 34 laquelle
4786 4697 37 19 on
4834 4689 44 27 lui

4152 4727 52 26 fait
4218 4723 59 30 dire
4290 4733 53 27 que
4355 4734 31 19 sa
4400 4727 107 26 toilette
4531 4733 35 20 ne
4591 4726 43 27 lui
4662 4724 128 28 revenait
4815 4726 65 33 qu'à

4152 4760 50 27 300
4215 4761 104 27 dollars
4336 4769 48 24 par
4398 4768 46 19 aa.
4474 4759 38 28 Le
4537 4765 123 30 reparler
4685 4760 79 27 avait
4780 4760 93 27 fourni

4152 4801 90 22 toutes
4252 4800 85 22 sorte*
4352 4796 33 26 de
4403 4795 100 27 détail*
4517 4804 48 19 «ur
4579 4796 28 27 la
4623 4795 124 28 manière
4761 4794 69 28 dont
4843 4796 40 32 s'y

4154 4832 109 33 prenait
4292 4831 80 27 Mme
4398 4831 148 26 Reosevelt
4580 4838 67 26 pour
4683 4831 109 26 réduire
4822 4831 60 26 hce

4154 4866 79 34 point
4248 4874 47 18 son
4313 4865 102 33 budget
4439 4866 182 33 somptuaire.
4637 4865 128 27 Voulaut
4778 4865 107 26 donner

4154 4909 54 20 une
4222 4902 59 26 idée
4296 4903 32 25 de
4342 4902 164 26 l'économie
4520 4902 48 33 qui
4585 4900 107 34 régnait
4721 4902 17 25 à
4765 4900 28 27 la
4805 4899 60 28 Mai-

4153 4935 201 30 sen-Blancbe,
4369 4936 24 26 il
4406 4935 120 34 ajoutait
4538 4942 54 27 que
4606 4937 27 26 la
4649 4935 157 33 préeideata
4822 4935 46 26 uti-

4154 4971 78 27 lisait
4247 4971 40 27 les
4302 4971 156 26 vêtements
4473 4970 120 34 fatigué*
4607 4970 38 27 du
4659 4970 65 27 chef
4737 4969 33 28 da
4796 4970 91 32 l'Etat

4154 5014 69 26 pour
4238 5007 122 26 habiller
4374 5014 41 18 se*
4430 5006 66 26 trois
4511 5004 98 34 jeune*
4624 5007 56 26 fil*.

4189 5041 150 27 L'hl'toire
4352 5041 69 26 était
4434 5040 69 34 jalie
4513 5047 7 24 ;
4535 5040 52 27 elle
4602 5048 17 20 a
4631 5040 53 28 fait
4698 5040 26 28 le
4737 5041 66 31 toaï
4831 5046 47 26 des

4154 5075 168 28 Etats-Unis
4336 5083 67 19 avee
4415 5083 56 19 une
4483 5074 122 35 rapidité
4628 5079 60 25 tout
4715 5080 172 27 américaine

4153 5115 27 22 et
4195 5119 47 19 son
4261 5112 91 26 inocès
4367 5112 41 26 est
4422 5111 38 27 tel
4473 5118 53 27 que
4540 5111 100 34 depuis
4656 5112 54 28 lon
4739 5114 27 28 1*
4795 5117 90 32 palais

4156 5146 181 33 présidentiel
4352 5148 40 25 est
4407 5145 105 27 inondé
4525 5145 67 27 d'un
4604 5146 98 35 déloge
4729 5151 34 27 da
4788 5151 96 27 lettre*

4155 5180 33 28 de
4201 5183 159 33 ménagère*
4376 5180 137 35 ymkaas,
4530 5180 91 28 mima
4646 5181 33 28 da
4703 5183 99 30 brava*
4830 5185 43 27 fer-

4156 5217 99 27 mière*
4269 5216 38 27 du
4320 5216 163 31 Far-Weat,
4500 5216 172 30 demandant
4698 5219 18 27 fc
4743 5220 27 27 la
4795 5222 76 33 prési-

4154 5254 83 25 dente
4247 5251 47 27 des
4307 5251 120 27 conseils
4442 5251 170 28 d'économie
4628 5252 172 35 domestiqua
4813 5258 28 24 et
4857 5257 28 26 la

4156 5288 92 32 priant
4264 5287 33 27 de
4310 5288 60 26 leur
4396 5285 145 34 enseigner
4569 5288 26 26 le
4622 5291 86 25 secret
4727 5289 33 27 de
4789 5290 97 28 tailler

4155 5323 69 26 dans
4253 5328 38 20 un
4318 5320 124 34 complet
4470 5321 180 33 présidentiel
4680 5326 47 25 usé
4752 5324 46 28 de*
4811 5327 61 26 vête-

4156 5359 91 26 ment*
4263 5363 67 27 pour
4345 5356 66 28 troi*
4427 5357 161 27 turbulents
4602 5366 126 25 garçon*.

4193 5405 81 31 Mail
4290 5406 30 30 la
4335 5405 122 32 Maiion
4475 5406 145 35 Blanche,
4639 5411 141 30 menacée
4792 5411 91 31 d'être

4156 5447 174 35 submergée
4358 5454 67 20 sans
4453 5445 28 31 la
4507 5445 52 32 flot
4585 5448 132 34 toujours
4744 5454 138 26 montant

4155 5486 35 28 da
4204 5489 77 27 caile
4306 5484 259 38 o<jrre»poadanca
4590 5486 171 35 îadiiorète,
4783 5497 17 21 a
4830 5498 52 21 cru

4154 5524 106 31 devoir
4274 5525 44 30 lui
4332 5525 132 35 imposer
4480 5525 30 30 la
4524 5524 92 39 digne
4630 5529 164 30 maussade
4809 5529 73 32 d'un

4154 5564 132 28 démenti
4302 5564 105 28 formel
4422 5572 8 20 :

4239 5615 25 30 Il
4279 5624 35 20 na
4328 5615 60 31 faat
4402 5624 50 27 pu
4466 5617 106 35 ajouter
4587 5619 38 27 foi

4238 5653 26 27 A
4279 5653 27 26 la
4319 5654 105 32 gasstla
4439 5653 170 30 américaine

4153 5701 103 37 inand
4270 5701 58 30 elle
4355 5701 103 37 pablia
4482 5702 52 30 de*
4561 5709 154 26 racontar*
4731 5707 26 30 ai
4770 5707 91 31 ùutai-

4154 5740 85 31 ■iitai
4256 5740 72 37 qu'il
4343 5744 44 27 ail
4402 5740 130 32 ahicrde
4545 5743 38 31 da
4602 5744 43 32 lei
4659 5745 142 32 diicater.

4579 5826 100 34 Prison
4703 5829 137 33 moderne

4192 5868 50 32 Ua
4256 5869 119 38 jenmal
4396 5870 133 38 parisien
4556 5871 116 37 signale
4685 5881 59 24 une
4778 5876 104 37 prison

4152 5908 84 32 drôie
4253 5919 37 21 en
4306 5908 125 32 Ecoise.

4189 5948 120 31 L'antre
4328 5950 69 35 Jour
4423 5949 191 37 l'inspectent
4643 5950 52 30 det
4723 5953 142 31 êlablisie-

4152 5993 96 26 meots
4283 5988 228 37 pénitentiaires
4534 5998 33 21 se
4593 5992 136 34 présente
4753 5992 72 31 chez
4852 5995 28 28 la

4149 6028 157 35 oanoierga
4329 6028 38 30 da
4390 6028 256 35 l'établissement,
4675 6031 77 30 sitné
4774 6039 52 22 inr
4851 6033 28 31 le

4150 6067 71 30 bord
4238 6066 37 30 da
4289 6067 28 28 ta
4331 6076 73 21 mer.

4238 6104 48 32 Oà
4299 6110 46 26 ail
4358 6107 28 30 le
4400 6106 148 31 directeur
4560 6107 39 31 de
4610 6109 30 30 la
4651 6109 104 38 priaon
4765 6109 18 30 ?

4235 6145 125 35 Abienl,
4395 6146 152 30 monsieur
4574 6148 203 37 l'inspecteur,
4804 6150 19 30 à
4847 6151 31 30 la

4150 6184 91 38 pèche
4256 6194 38 21 aa
4310 6194 73 21 mer.

4235 6223 70 31 Fort
4320 6226 69 30 bien
4406 6235 7 25 ;
4429 6226 79 31 alori
4524 6227 220 32 montrez-moi
4756 6229 46 31 lea
4815 6229 44 38 pri-

4148 6266 146 27 lonniers.

4237 6302 26 31 Il
4279 6304 50 39 n'y
4342 6312 38 24 en
4394 6313 18 22 a
4426 6306 104 37 qu'un,
4547 6306 156 31 monsieur
4729 6306 126 39 l'inspec-

4147 6347 74 24 leor.

4234 6383 48 30 Eh
4297 6383 69 31 bien
4381 6385 7 26 !
4404 6386 132 28 montrez
4552 6384 28 32 le
4593 6384 74 31 moi.

4234 6423 81 30 C'est
4329 6423 73 38 qu'il
4426 6429 46 26 est
4492 6424 81 34 sorti,
4603 6424 154 32 monsieur
4783 6425 74 32 l'fns-

4144 6469 132 28 pictear.

4247 6502 162 31 Comment
4443 6501 72 31 sorti
4530 6501 18 31 ?
4576 6501 46 33 Ea
4649 6503 87 37 faite,
4763 6506 83 31 alora
4860 6506 7 30 I

4143 6548 77 22 vans
4235 6540 93 32 l'avez
4344 6542 92 30 laissé
4449 6542 189 38 éehappar,..

4234 6579 47 33 Oh
4299 6589 61 22 non
4377 6579 7 31 I
4401 6583 154 30 maasienr
4569 6582 204 37 l'inspeelenr,
4789 6583 22 32 il
4825 6589 47 27 eil
