4996 6817
409 217 175 31 MANCHE

158 293 304 34 ENTERREMENT
476 298 93 30 D'UN
580 300 132 27 MARIN
726 301 138 28 RUSSE.

177 331 22 27 Il
217 340 18 25 y
252 340 14 19 »
281 333 137 34 qualqats
432 334 77 33 jour»
539 337 117 25 ava'»nt
681 335 59 27 lira
755 340 15 22 a
788 335 32 27 10
835 339 30 25 k.

120 365 43 27 Im
177 366 132 27 ebtèeuea
326 369 38 27 do
376 371 94 26 marin
481 370 148 27 chauflaur
639 370 227 35 Ouapenaky.da

120 400 128 27 cairaaaé
263 410 77 20 roue
358 404 164 30 Peresiciat,
539 407 74 25 mort
628 405 46 27 des
698 407 86 26 aniles
798 407 66 25 d'an

123 436 131 28 accident
269 438 67 26 don!
352 438 24 26 il
399 438 44 28 fat
470 438 122 30 viotim»
622 449 35 20 ta
687 450 79 19 ooars
782 442 84 27 d'as#

120 477 170 21 manaenvre
304 475 17 25 t
335 471 78 30 bord.

159 507 40 27 La
220 509 159 26 cérémonie
412 509 129 34 funèbre,
568 513 210 26 extrêmement
806 511 45 28 ina-

124 542 227 34 preaeionnaate,
367 553 17 20 a
398 553 35 20 ea
461 547 58 26 lieu
547 548 70 26 dane
644 548 30 27 la
687 548 72 27 aalla
774 547 73 28 d'am-

120 575 176 35 phithéltra.

157 612 46 28 An
221 614 102 26 milieu
338 614 33 27 de
385 614 30 28 la
429 614 77 35 pièce
529 619 41 25 eat
586 619 103 33 rxpoaé
702 618 27 27 le
744 619 120 27 oeroaeil

120 654 58 19 non
196 650 83 26 muni
295 651 33 26 de
343 658 48 19 son
407 653 157 26 euuvercle.
591 652 39 27 Le
651 653 102 28 défont
780 661 69 27 appa-

120 685 58 25 reil
193 691 57 20 anx
265 692 74 26 yeux
356 685 33 26 de
412 689 61 25 tocs
498 694 43 20 sts
567 689 162 28 camarades
757 692 27 25 et
816 690 47 26 des

119 718 163 28 assistants.

154 764 39 28 Le
210 774 67 27 pope
293 769 38 26 do
347 770 99 26 navire
463 772 107 31 préside
585 772 28 26 la
628 772 167 27 oérémoaie.

154 801 52 27 Lea
221 809 133 26 psaumes
369 806 118 27 chantés
503 815 50 26 par
578 815 39 20 an
632 808 100 27 choeur
755 809 32 26 de
803 815 39 20 ma-

118 843 70 20 r.ae.
206 840 142 26 alternent
376 848 70 20 avee
462 842 47 26 des
539 850 151 20 moroeanx
718 842 141 33 fanèbres,

116 872 79 32 jooé»
211 880 50 25 par
276 875 28 26 la
320 875 133 34 moaiqne
467 876 37 26 da
520 879 136 27 cuiraaaé.

151 906 15 26 l
175 914 51 19 oua
239 907 39 26 laa
295 909 110 27 marina
419 914 27 22 et
459 913 119 27 cfßoiera
593 920 93 20 russes
696 913 135 27 tiennent
844 914 19 26 à

115 940 28 27 la
159 943 79 26 main
255 945 89 27 droite
359 953 39 19 an
426 946 91 37 cierge
544 948 118 27 allcmé.
689 947 91 34 Après
806 956 54 27 que

155 5101 196 21 piuilletoh
369 5102 37 19 db
437 5093 138 30 L'Ouett
594 5088 111 34 Éclair
725 5093 58 30 106

58 5183 369 132 L'AGENCE
470 5183 333 132 HOUILLE

165 5342 74 45 Par
257 5342 142 45 Xavitr
413 5344 46 43 de
474 5334 228 53 MONTÉPIN

229 5450 229 35 PREMIERE
477 5454 159 31 PARTIE

409 5522 48 32 111

98 5588 43 31 Le
168 5585 215 34 factionnaire,
412 5594 37 21 en
467 5594 156 30 envoyant
638 5587 18 27 à
671 5589 64 26 tout
750 5587 35 27 ha-

61 5633 72 31 gard
149 5639 59 22 une
220 5630 81 30 balle
319 5629 78 30 dans
412 5630 31 28 la
457 5629 150 30 direction
624 5629 37 30 de
676 5629 129 34 l'évadé,

58 5675 148 34 obéissait
216 5675 80 30 donc
312 5673 189 31 strictement
514 5673 18 30 k
544 5681 34 21 sa
602 5673 148 38 consigne
777 5678 28 26 et

59 5718 234 39 accomplissait
307 5726 56 21 son
374 5718 105 30 devoir
490 5725 74 22 aveo
580 5717 139 31 d'autant
736 5718 70 37 plus

60 5765 39 31 de
113 5765 64 30 zèle
191 5771 58 30 qoe
273 5770 47 22 ce»
339 5763 135 27 douteux
508 5761 130 33 soldats,
671 5761 77 30 dont
777 5761 31 28 le

60 5815 132 31 oourage
206 5806 76 31 n'est
299 5813 53 30 pas
364 5804 187 38 proverbial,
568 5804 120 31 aimaat
717 5805 76 30 beau

60 5861 80 31 ooup
157 5851 103 31 mieux
276 5855 66 26 tuer
357 5858 40 21 un
412 5849 98 35 forçat
537 5851 17 27 &
582 5849 139 31 distance
748 5856 60 30 que

58 5897 175 35 d'engager
247 5901 61 24 une
325 5894 73 30 lutte
413 5901 89 30 eorps
519 5894 15 27 à
547 5900 89 30 corps
648 5900 74 22 aveo
749 5893 57 34 lui,

61 5941 78 31 lotte
152 5940 198 35 dangereuse,
371 5944 130 30 preiqoe
514 5937 137 35 toujours
663 5937 126 35 sanglan-

61 5989 40 31 te,
116 5991 30 26 et
161 5983 77 31 dans
254 5982 131 37 laquelle
400 5981 28 30 le
442 5980 248 38 gslérienfogilif
703 5989 19 21 a
736 5991 54 20 sou-

65 6034 71 26 vent
152 6028 184 34 l'avantage.

104 6073 89 35 M»)g
210 6073 17 28 é
237 6072 43 30 les
293 6073 39 28 téi
344 6070 97 32 èbres,
461 6069 152 39 Cagobert
638 6070 85 31 avait
748 6070 61 31 flsé

60 6118 96 38 Jade.

104 6161 168 31 Vaubaron
296 6159 138 31 entendit
462 6158 96 31 siffler
582 6159 31 27 la
638 6157 92 37 balle,
756 6158 52 38 qoi

64 6213 94 33 passa
174 6213 73 21 sans
260 6204 28 30 le
304 6203 129 30 toucher
448 6206 15 26 A
480 6203 149 37 quelques
645 6202 98 38 lignes
772 6202 37 31 de

64 6259 38 21 ea
116 6254 102 32 tempe
228 6248 130 37 gauche.

105 6293 118 31 J'avais
240 6293 105 37 espéré
360 6294 69 34 trop
451 6292 51 33 tôt,
533 6298 31 24 se
581 6291 84 30 dit-il
694 6288 7 31 I
731 6291 77 30 D'en

69 6337 240 33 m'abandonne,
326 6338 28 28 et
380 6337 76 30 cette
488 6334 58 30 fois
560 6335 11 35 j
574 6343 12 11 r
624 6333 64 31 rets
700 6344 51 28 prr
764 6335 44 35 'u,

64 6381 72 32 Vies
152 6380 96 39 perdu
273 6377 64 33 1...

413 6445 44 30 IV

105 6523 168 38 Cagobert,
282 6526 63 26 tout
351 6529 38 22 en
396 6524 148 34 poussant
554 6528 46 22 ses
608 6521 58 28 cris
674 6521 18 30 d
697 6521 22 30 't
729 6530 14 22 r
752 6521 54 35 p«»l,

70 6568 169 37 •'occupait
246 6565 184 33 activement
442 6565 38 32 de
488 6565 159 35 recharger
659 6573 54 24 «on
787 6565 20 31 I-

921 222 40 26 les
977 222 139 26 d«ralèroa
1131 222 105 33 prièret
1251 228 51 22 ont
1330 224 44 25 été
1388 222 124 33 radiées,
1544 226 40 26 le»
1602 234 41 20 ma-

922 257 59 26 rins
998 260 113 32 passant
1126 256 106 30 devant
1256 261 26 25 lo
1305 259 129 27 oerout.il.
1460 261 27 25 et
1515 263 63 24 toai
1602 269 40 19 em-

921 292 129 28 brassent
1080 293 60 26 leur
1167 294 158 26 camarade.
1364 293 131 33 Ensuite,
1525 295 27 27 le
1593 304 70 27 pope

921 335 102 19 couvre
1036 327 26 27 le
1076 327 97 34 viaage
1188 328 37 26 du
1245 332 74 24 mort
1350 328 66 26 d'an
1431 330 78 28 voile
1535 334 67 25 orné
1630 332 33 27 de

920 363 110 28 desaina
1045 370 34 19 en
1093 361 85 28 liseré
1191 364 34 27 de
1237 365 78 27 laine
1328 363 132 28 blanche.

956 398 39 27 Le
1007 398 102 27 oonvoi
1121 405 31 20 ee
1166 402 58 24 met
1238 398 112 27 entoile
1363 405 35 20 en
1415 400 125 27 marehe.

956 431 44 28 En
1026 432 64 32 téte,
1116 441 31 20 ee
1174 439 78 28 plaça
1279 441 39 19 an
1357 433 94 27 marin
1478 438 116 31 portant
1620 437 40 27 laa

920 468 107 27 aaialea
1042 469 117 33 images,
1178 469 65 34 puia
1256 469 80 27 rient
1351 468 26 28 le
1393 477 79 26 pope,
1488 471 27 27 le
1530 472 130 32 ceroneil,

920 503 78 34 porté
1011 503 18 26 k
1045 503 71 28 laras.
1133 503 30 28 la
1186 503 142 34 musique,
1355 503 40 27 les
1422 506 118 27 ifflcier»
1569 515 91 19 raaaes

919 546 34 19 en
967 537 90 34 grand
1071 537 155 30 onlforma.
1241 537 39 28 Le
1294 546 79 28 oorpa
1388 544 44 24 est
1444 542 116 26 entonré
1576 542 84 27 d'une

919 575 83 32 garde
1017 573 158 28 d'honneur
1189 575 33 26 de
1238 574 110 27 marina
1364 581 91 21 raasea
1470 585 33 19 en
1519 585 104 20 armea.

953 607 148 28 Viennent
1115 609 112 27 ensuite
1240 607 41 28 M.
1299 608 25 28 le
1339 608 162 32 lieatenant
1528 612 33 27 de
1577 613 64 27 vaia-

918 651 66 20 sean
999 641 203 32 Lavßvaaeeur,
1219 645 196 33 représentant
1439 646 43 28 M.
1511 646 26 28 ie
1563 646 94 28 Préfet

920 678 157 33 maritime,
1094 679 44 27 M.
1154 680 25 25 le
1193 679 181 28 viec-canial
1388 680 33 27 de
1436 680 113 32 Russie,
1566 685 28 25 et
1607 683 48 27 des

918 713 175 34 délégations
1106 713 149 28 d'effioiera
1269 717 27 25 et
1311 715 33 27 de
1358 718 112 33 troupes
1495 718 33 26 de
1540 719 63 26 tous
1616 718 40 26 les

917 756 81 25 corps
1011 750 34 26 de
1059 750 28 27 la
1101 749 145 34 garaiaon.

952 783 47 28 Un
1018 784 96 33 publie
1146 783 158 28 nombreux
1335 794 18 20 a
1367 789 69 25 tenu
1463 789 159 33 également
1638 788 17 28 k

918 821 168 26 manifester
1098 827 30 20 sa
1143 821 167 33 sympathie
1324 822 17 26 k
1356 828 51 20 nos
1427 826 74 22 amis
1517 830 34 19 en
1566 823 74 26 assis-

913 857 67 25 tant
994 862 56 19 anx
1065 854 133 34 obsèques
1214 855 65 26 d'un
1297 856 48 26 des
1361 856 84 28 leurs.

950 888 58 28 Sar
1022 891 25 25 le
1062 896 131 24 parcoure
1208 889 37 27 du
1260 891 155 34 cimetière,
1431 894 26 26 la
1470 893 131 34 musique
1616 893 38 27 da

917 918 155 34 Pereswiel
1080 926 66 32 joue
1161 925 47 27 dei
1222 925 58 28 airs
1309 926 142 27 fanèbres.
1468 927 46 32 El,
1544 935 94 26 reapee-

914 963 191 30 tueaaement,
1120 967 50 19 sar
1183 961 26 26 le
1224 969 117 26 passage
1354 961 39 26 du
1417 961 112 32 convoi,
1544 953 40 37 les
1600 965 53 27 ha-

894 5082 169 31 Vaubaron
1078 5083 171 28 continuai!
1277 5085 37 28 de
1342 5092 31 22 ie
1396 5092 206 32 cramponner

855 5126 266 31 machinalement
1133 5126 54 31 dei
1200 5127 79 30 deux
1296 5128 102 30 maini
1414 5137 60 20 aux
1498 5130 103 32 barres

855 5170 38 31 de
908 5170 30 28 la
951 5170 102 38 grille.

895 5213 51 30 Un
959 5216 126 35 étrange
1101 5215 145 32 désordre
1278 5215 119 38 régnait
1426 5216 78 31 dam
1546 5225 56 22 son

854 5265 141 26 cerveau,
1015 5267 41 20 un
1069 5263 267 26 commencement
1348 5259 38 30 de
1401 5259 97 32 délire
1513 5261 71 31 s'em-

854 5300 102 39 parait
971 5301 37 31 de
1023 5308 58 24 ton
1095 5301 96 38 esprit
1201 5307 28 26 et
1239 5310 38 22 ne
1292 5302 45 31 lui
1346 5304 174 35 permettait
1532 5306 69 37 pius

854 5346 39 30 de
905 5353 32 21 se
950 5344 110 31 rendre
1071 5348 124 34 compte
1211 5346 37 31 de
1264 5347 30 28 la
1310 5346 159 32 situation.

894 5385 24 33 Il
933 5388 44 30 lui
994 5388 144 30 semblait
1152 5388 164 37 qu'autour
1329 5391 37 30 de
1381 5392 44 28 lui
1436 5393 63 28 Icut
1512 5392 72 38 l'agi-

854 5431 56 30 tait
921 5432 79 31 dans
1016 5441 41 21 un
1075 5437 197 27 mouvement
1287 5433 38 31 de
1341 5435 131 30 rotation
1487 5437 100 30 fautas

853 5476 85 37 tique
953 5476 73 30 dont
1043 5476 20 30 il
1078 5477 73 30 était
1167 5478 28 30 le
1211 5478 86 37 point
1312 5480 128 28 central.

895 5519 60 30 Des
972 5519 234 35 bruissements,
1219 5523 214 37 comparable»
1447 5532 39 21 au
1501 5524 99 30 fracas

854 5563 39 31 de
907 5563 145 31 cascades
1069 5565 122 28 roulant
1205 5565 40 30 du
1260 5567 74 28 haut
1350 5568 53 30 des
1419 5568 97 30 cimes
1533 5568 51 31 nei-

854 5614 110 30 geuses
977 5607 79 31 dans
1071 5608 54 30 des
1141 5608 118 32 abîmes
1273 5619 73 21 sans
1362 5611 85 35 fond,
1460 5611 124 38 remplis-

857 5650 99 28 saient
972 5659 48 20 ses
1036 5650 133 28 oreilles.

896 5693 61 31 Des
972 5694 131 30 milliers
1119 5694 38 31 de
1181 5696 113 30 flftohes
1322 5698 201 35 lumineuses,
1548 5699 34 31 dé-

856 5737 120 31 crivant
990 5739 19 27 à
1023 5741 117 27 travers
1154 5740 45 30 les
1225 5741 137 30 té&ftbres
1391 5743 53 30 des
1473 5744 126 28 courbes

857 5780 178 34 immenses,
1054 5790 122 22 eamme
1189 5783 43 31 les
1247 5784 106 31 étoiles
1369 5785 73 30 d'un
1457 5786 51 30 feu
1522 5787 61 27 d'ar-

856 5823 93 35 tifice,
978 5825 158 35 pais&isnt
1161 5829 31 27 et
1219 5829 191 37 repassaient
1426 5829 112 32 devant
1551 5838 47 22 sas

856 5875 81 28 yeux
952 5868 131 30 éblouis.

899 5910 26 30 11
940 5911 148 30 sobiosait
1101 5911 85 31 enfin
1201 5920 34 24 ce
1251 5915 115 37 vertige
1381 5915 53 39 qui
1449 5915 150 39 s'empare

857 5953 41 32 dn
913 5962 117 30 nageur
1045 5957 106 34 épuisé
1168 5965 53 30 pi»
1238 5966 59 22 une
1310 5959 74 31 lutte
1397 5960 202 32 surhumain*

977 5999 44 31 les
1036 6007 126 30 vagues,
1175 6001 106 38 quand
1293 6001 28 32 le
1344 6004 115 32 linoeul
1470 6005 128 32 humide

859 6043 197 31 e'enlr'onvre
1071 6052 77 30 pour
1165 6045 27 31 le
1207 6046 146 33 reoevoir,
1382 6051 28 26 et
1435 6048 105 37 quand
1569 6050 28 30 la

860 6092 78 24 mort
952 6085 130 32 l'étreint
1096 6087 38 31 de
1149 6097 46 22 >es
1213 6089 71 31 br.is
1297 6091 113 37 glacés.

898 6129 56 32 Cet
979 6132 60 28 étal
1067 6131 234 33 indéfinissable
1326 6138 28 26 et
1380 6135 100 32 voisin
1506 6135 38 32 de
1569 6137 30 31 la

859 6174 72 32 folie
945 6175 78 30 dura
1038 6176 148 37 quelques
1202 6177 146 31 secondes
1363 6181 18 26 à
1396 6180 102 35 peine,
1528 6181 69 37 puis

860 6219 30 28 la
905 6219 133 31 réaction
1055 6226 31 22 se
1100 6219 34 31 fil
1149 6224 30 26 et
1193 6220 63 32 l'on
1270 6222 51 30 eût
1336 6221 44 31 dit
1395 6223 112 37 qu'une
1521 6224 61 30 étin-

860 6262 74 31 celle
960 6262 167 38 électrique
1149 6265 190 34 galvanisait
1355 6268 18 27 à
1388 6265 28 31 la
1431 6266 59 31 fois
1507 6267 91 32 l'&me

859 6309 28 27 et
902 6306 27 30 le
945 6314 100 30 oorps,
1062 6315 44 21 nn
1121 6306 117 33 instant
1260 6311 171 37 paralysés,
1460 6311 38 31 de
1520 6311 77 33 Jean

859 6350 177 30 Vaubaren.
1272 6363 15 17 /

950 6392 123 37 Allons,
1089 6397 235 37 mnrmura-l-il,
1342 6398 65 30 o'en
1421 6402 46 26 est
1480 6398 57 31 fait
1551 6400 44 30 !...

857 6435 59 33 J'ai
931 6438 97 38 perde
1041 6437 28 31 la
1082 6437 145 39 partiel...
1245 6439 26 31 Il
1286 6449 38 22 ne
1339 6450 48 22 me
1403 6445 77 27 reste
1495 6442 83 32 désor-

860 6481 79 31 mais
964 6490 104 22 auoun
1093 6482 156 38 espoir...
1279 6483 37 32 Je
1341 6485 122 31 lutterai
1486 6494 91 32 cepen-

859 6526 76 31 dant
948 6527 45 30 1...
1009 6526 35 33 Je
1058 6527 123 31 lutterai
1196 6528 143 37 jusqu'au
1356 6529 72 31 bout
1442 6548 9 8 •
1468 6530 126 31 Hormis

860 6569 157 33 l'effusion
1033 6570 43 33 da
1102 6578 86 32 iaog,
1227 6572 191 38 j'appellerai
1454 6578 67 28 toni
1551 6576 44 32 les

1719 226 109 28 bitants
1840 234 28 19 se
1883 227 182 33 découvrent,
2081 228 226 35 impressionnés
2334 241 50 27 par
2409 234 35 28 l'é-

1717 261 57 27 clat
1789 261 201 30 iaaoooatamé
2013 266 94 26 donné
2120 267 17 25 à
2150 273 45 19 ces
2225 266 167 30 funérailles
2422 269 37 28 da

1717 294 96 28 marin
1826 296 50 32 qai
1892 296 126 31 dormira
2043 307 50 20 toi
2121 300 112 27 dernier
2262 304 135 30 sommeil
2424 313 35 20 en

1716 333 71 26 terre
1802 331 151 34 française.

1752 425 254 45 Marchés
2031 431 69 40 de
2126 430 56 41 la
2207 430 215 53 Région

1744 531 210 30 COMBOURG.
2057 537 112 26 Marché
2200 539 37 24 dn
2254 536 33 26 18
2315 537 73 27 9bro.

1714 562 136 33 Proment,
1861 568 33 24 de
1909 568 31 25 18
1949 568 31 25 fr.
1996 568 30 26 00
2035 569 17 25 à
2065 569 32 25 18
2117 569 31 25 50
2158 578 6 22 ;
2179 568 135 33 Seigle.OO
2322 570 17 24 à
2350 569 40 27 00.
2411 572 31 26 Fa-

1713 601 59 19 rine
1783 594 35 26 1»
1831 599 111 30 qualité,
1968 600 31 24 86
2007 601 24 22 fr
2044 618 6 7 .
2063 600 39 31 00;
2130 600 25 25 ï-
2180 600 110 30 qualité.
2313 600 30 25 84
2356 601 32 26 fr.
2406 601 31 26 00
2450 611 8 17 :

1711 627 129 28 sarrazin,
1863 628 30 25 12
1903 628 31 25 tt.
1945 630 30 25 50
1991 631 94 25 àlBBO
2096 640 7 21 ;
2120 631 109 30 avoine,
2241 630 31 26 18
2280 628 32 26 00
2320 631 18 25 à
2352 640 6 21 ;
2385 640 73 24 orga,

1711 656 31 24 14
1757 656 32 25 00
1796 656 17 26 à
1824 657 38 32 00;
1879 659 106 33 beurre,
1996 661 25 25 le
2036 660 66 26 kilo.
2114 661 15 25 2
2143 661 31 24 fr.
2184 660 39 27 00;
2248 660 80 31 oeala,
2353 661 57 26 180
2433 665 26 24 la

1711 685 132 28 douzaine
1854 685 5 38 ;
1869 697 72 19 veau
1951 698 47 18 aur
2009 692 71 31 pied,
2096 692 25 26 le
2132 692 65 30 kilo,
2207 691 65 31 0,35,
2287 693 130 30 porcelet,
2431 696 27 25 la

1709 718 107 30 oouple,
1830 719 34 25 de
1889 720 13 25 0
1916 722 59 24 àOO
1987 731 6 18 ;
2008 730 78 24 porca
2100 729 61 26 gra»
2176 729 45 18 »ur
2232 723 87 31 pie<i,o
2341 724 32 24 fr.
2388 725 32 25 60
2430 725 26 26 le

1710 746 64 28 kUo:
1783 750 73 34 pain,
1873 751 38 25 le»
1923 752 15 24 6
1959 751 79 32 kilos,
2063 754 34 25 1--
2117 755 110 30 qualité,
2248 752 65 31 0,00;
2334 761 59 24 son,
2415 757 40 24 les

1708 778 46 25 100
1765 778 79 31 kilos,
1856 782 28 25 15
1894 783 39 26 00;
1950 783 66 27 foin,
2027 784 31 25 40
2072 784 32 25 00
2117 785 39 24 lea
2170 783 45 26 500
2226 783 78 31 kilos;
2319 785 91 31 paille,
2427 787 30 26 35

1709 809 33 25 fr.
1757 809 30 26 00
1798 820 6 20 ;
1820 811 85 32 cidre,
1915 814 32 24 18
1955 814 17 25 à
1985 814 31 25 20
2028 816 32 22 fr.
2079 816 25 25 la
2128 816 60 24 barr
2200 823 15 21 .;
2241 815 77 24 bœuf
2339 816 15 25 à
2375 816 80 32 l'étal,

1707 840 59 24 000
1787 842 25 25 lo
1826 842 56 26 kilo
1893 840 5 37 ;
1923 844 96 30 vache,
2029 846 54 24 000
2095 855 6 20 ;
2128 853 80 22 veau,
2235 844 15 25 0
2264 844 31 25 00
2306 840 5 37 ;
2333 850 123 26 mouton,

1707 870 54 24 000
1770 881 7 15 ;
1789 879 73 24 porc,
1874 874 15 25 0
1900 874 39 25 00.
1954 875 109 28 lièvres.
2076 878 15 24 2
2104 878 34 25 fr.
2156 878 31 24 25
2212 875 113 26 Perdrix
2339 876 15 25 0
2365 878 33 24 fr.
2411 879 40 30 00,

1708 901 128 26 Pomme»
1845 905 17 24 à
1877 905 84 30 cidre,
1972 906 39 25 le»
2023 907 46 24 500
2089 907 51 26 kil.
2171 907 32 25 00
2212 907 56 25 *OO
2290 907 32 24 fr.
2336 908 115 32 poulets,

1707 933 25 25 la
1744 933 98 32 couple
1856 934 13 25 4
1884 935 35 24 tr.

1744 965 268 30 GUINGAMP.—
2029 969 126 28 Marché
2180 969 40 28 du
2236 969 41 27 16
2291 971 165 28 novembre.

1657 5095 129 30 moyens
1800 5089 19 28 à
1834 5098 72 22 mon
1922 5091 69 32 aide
2006 5101 76 30 peur
2098 5100 93 26 rester
2205 5095 89 38 libre,
2321 5102 28 28 al
2372 5100 30 37 ]•

1657 5139 38 22 ne
1707 5131 187 32 m'avouerai
1906 5134 112 31 rainca
2030 5145 59 30 que
2101 5139 124 38 lorique
2239 5141 32 28 la
2285 5141 113 33 double

1656 5176 112 32 chaîne
1782 5178 163 31 meurtri»
1959 5179 39 31 de
2014 5189 141 25 nouteau
2171 5192 50 22 ma
2236 5185 99 32 ohair.

1695 5218 59 32 Lei
1768 5222 100 31 maini
1881 5222 41 31 do
1937 5225 190 31 méaanioien
2140 5228 256 34 abandonnèrent

1657 5263 81 31 alors
1761 5264 66 30 leur
1854 5265 86 38 point
1965 5267 136 40 d'appui,
2131 5274 28 27 et
2185 5272 143 33 saisirent
2355 5275 44 32 les

1656 5307 77 39 tiges
1748 5307 150 33 h&rissAss
1926 5310 37 31 de
1994 5311 139 32 chevaux
2163 5314 37 32 de
2225 5316 91 33 frises
2347 5327 53 24 snr

1656 5352 165 37 lesquelles
1840 5354 171 37 reposaient
2027 5365 47 20 ses
2089 5356 98 38 pieds.

1694 5406 141 32 Aussitôt
1846 5411 100 37 apr&i,
1963 5411 165 33 Vaubaron
2143 5414 148 39 imprima
2301 5418 19 31 à
2333 5421 65 28 tout

1657 5460 53 21 non
1727 5460 89 28 corps
1831 5461 41 21 un
1886 5454 117 32 violent
2017 5464 196 26 mouvement
2244 5461 38 31 de
2311 5464 83 30 reoul

1655 5499 28 27 ot
1710 5496 91 30 linha
1830 5497 91 38 priie,
1951 5509 39 21 au
2019 5500 104 39 risque
2150 5502 39 32 de
2215 5512 33 22 se
2262 5509 66 27 tuer
2344 5515 54 22 sur

1657 5539 86 37 place
1757 5548 38 22 en
1812 5548 31 22 se
1859 5542 183 38 préoipitanl
2056 5545 92 32 d'une
2165 5548 70 31 telle
2250 5548 145 32 hauteur.

1696 5597 244 33 Hemreusement
1956 5600 20 31 il
1993 5602 104 31 tomba
2112 5603 112 32 debout
2237 5610 39 31 et,
2308 5607 71 39 quoi-

1656 5648 58 28 que
1741 5641 32 30 la
1799 5643 189 31 commotion
2014 5646 46 31 fût
2087 5647 144 38 violente,
2270 5650 60 31 elle
2357 5659 39 24 ne

1656 5683 169 38 l'empèoha
1840 5685 86 38 point
1955 5687 37 31 de
2019 5691 131 35 prendre
2177 5700 34 21 sa
2239 5701 110 24 course
2378 5696 19 28 à

1656 5727 137 31 l'instant
1807 5732 30 27 et
1851 5728 37 32 de
1902 5730 60 31 foir
1977 5740 73 22 aveo
2075 5743 61 22 one
2161 5735 135 35 rapidité
2322 5746 57 25 pro-

1656 5770 149 35 digieuse.

1695 5822 91 33 Fairl
1801 5829 76 27 n'est
1896 5835 33 22 ce
1944 5835 54 31 pas
2014 5837 41 22 un
2072 5835 63 26 mot
2148 5830 152 40 Ironique,
2319 5835 61 28 lors-

1655 5868 73 35 qu'il
1746 5868 171 40 s'applique
1931 5871 18 28 à
1964 5881 43 20 nn
2027 5871 125 34 homme
2170 5875 79 32 dans
2265 5876 30 30 la
2311 5877 67 38 posi-

1656 5910 61 31 tion
1733 5911 177 40 désespérée
1924 5914 38 32 de
1975 5920 87 26 notre
2078 5919 87 31 héros
2177 5917 57 33 ?...
2257 5920 47 31 La
2320 5920 76 32 faite

1654 5953 178 35 n'était-elle
1848 5965 54 30 pas
1918 5957 181 40 impossible
2112 5969 39 24 ea
2164 5962 81 35 effet,
2263 5963 132 40 puisque

1654 5998 30 30 la
1711 6006 73 22 oour
1812 6000 135 32 n'offrait
1974 6001 118 34 d'antre
2119 6005 83 32 issue
2230 6014 59 31 qae
2317 6011 77 30 eette

1652 6043 90 37 grille
1756 6043 74 33 dont
1845 6045 167 33 Vaubiion
2027 6048 172 38 s'éloignait
2212 6050 70 33 ?...

1693 6094 80 32 Sans
1786 6105 103 22 aiouu
1904 6099 103 35 doute,
2020 6105 96 27 avant
2130 6103 149 39 quelques
2293 6104 81 32 minâ-

1654 6142 52 32 tes,
1724 6143 81 27 toute
1820 6142 31 28 la
1865 6142 104 32 milice
1983 6144 43 30 da
2040 6143 110 39 bagne,
2183 6150 66 27 tous
2265 6148 44 31 les
2327 6157 50 22 sor-

1652 6181 154 38 veillants,
1820 6187 67 28 tous
1897 6187 45 31 les
1952 6187 110 38 gardes
2076 6189 172 37 ohiourme,
2262 6194 131 31 seraient

1652 6235 52 21 sur
1721 6226 80 39 pied.
1832 6227 50 32 On
1909 6233 241 31 commencerait
2177 6234 19 30 à
2224 6239 123 33 traquer
2363 6237 30 30 la

1651 6270 67 32 bâts
1733 6272 91 30 fauve
1837 6273 157 39 échappée
2008 6275 38 31 de
2060 6285 34 20 sa
2107 6285 89 31 oage,
2224 6281 31 27 et
2269 6278 103 33 Vauba-

1652 6322 65 27 ron,
1743 6314 63 31 vite
1832 6318 117 34 acoult,
1978 6319 93 31 serait
2086 6320 104 32 fusillé
2203 6321 20 30 à
2237 6321 72 32 bout
2324 6331 51 31 por-

1651 6361 66 27 tant
1731 6365 39 24 OG
1782 6359 94 35 captif
1892 6361 38 31 de
1944 6370 155 25 nouveau.

1689 6402 91 31 Voilà
1794 6410 34 24 oe
1841 6411 60 30 que
1916 6413 33 22 se
1970 6406 45 31 dit
2041 6406 188 38 l'infortuné,
2255 6409 133 41 lorsque,

1649 6446 91 38 •prés
1755 6455 59 21 une
1828 6455 107 26 eourse
1950 6449 143 38 furiense,
2108 6450 24 31 U
2145 6451 52 32 eût
2211 6455 135 32 traversé
2360 6456 31 31 la

1650 6498 73 22 oenr
1750 6490 78 31 dans
1858 6494 81 31 teule
1969 6502 32 22 sa
2027 6494 151 39 longueur
2202 6500 28 28 et
2255 6497 76 39 qu'il
2357 6508 32 25 sa

1649 6534 109 32 hearta
1770 6539 106 30 contre
1890 6536 31 31 la
1935 6536 92 34 haut*
2041 6540 144 32 muraille
2200 6541 53 39 qui
2278 6542 30 32 la
2330 6546 44 32 ter-

1649 6578 122 32 minait.

2515 230 119 31 Farines
2650 230 13 46 l
2676 230 12 46 1
2701 230 25 46 q.
2746 237 40 28 iea
2802 237 50 28 100
2867 239 53 28 kil.
2943 237 34 30 26
2996 241 34 27 fr.
3060 250 31 17 »•
3107 249 7 27 ;
3145 244 109 28 farine»

2515 268 118 27 8'»»
2648 273 35 26 fr.
2698 280 53 26 •»;
2767 274 138 27 froment»
2935 274 32 28 18
2993 275 35 30 fr.
3056 276 58 35 50;
3143 280 109 34 Seigle»

2515 304 32 27 14
2562 304 35 27 fr.
2615 314 30 15 »»
2666 314 7 22 ;
2691 309 98 25 méteil
2804 317 33 17 »»
2851 308 37 27 tr.
2902 318 33 17 »»
2949 318 8 24 ;
2973 314 139 26 sarraxin»
3128 314 34 27 13
3176 314 20 27 t.
3209 321 43 25 »»;

2515 346 116 20 avoine»
2646 340 32 28 18
2692 343 34 28 fr.
2741 341 35 28 50
2789 351 6 22 ;
2810 351 79 28 orga»
2902 344 33 27 15
2946 346 37 27 fr.
2996 354 32 18 »»
3040 354 7 26 ;
3064 357 64 19 son»
3144 358 32 15 »»
3188 350 20 28 t.
3220 358 33 17 »»

2515 380 129 26 pommec
2657 377 33 27 de
2704 379 72 26 terre
2785 378 18 26 5
2817 379 37 26 fr.
2867 386 33 19 SB
2919 386 9 25 ;
2956 380 59 28 foin
3046 384 39 27 le»
3109 385 53 26 500
3190 384 58 28 kil.

2513 407 33 47 f°
2665 419 7 25 :
2688 419 35 27 P*
2725 412 51 27 ille
2792 415 25 26 ,e
2845 413 52 28 600
2911 415 44 30 kil
2961 437 8 7 -
2985 418 34 26 85
3093 425 34 19 •»
3137 426 7 22 :
3161 418 78 28 '«o*
3240 429 13 17 1

2512 444 44 46 i.'.
2600 478 18 12 o
2633 446 19 26 0
2673 446 39 30 **.
2953 458 32 19 »•
3012 454 38 27 fr«
3076 459 33 20 >»
3123 461 8 26 ;
3159 462 93 21 veaux

2512 481 70 27 Ofr.
2600 481 52 32 80;
2670 485 131 24 moaton»
2816 493 32 17 »»
2864 485 38 28 fr.
2921 495 32 17 »»
2965 496 8 25 ;
2991 496 78 26 poro»
3091 489 17 27 0
3133 489 39 27 fr.
3200 489 52 27 88:

2515 515 97 27 bourre
2626 516 26 27 le
2666 516 61 30 kilo
2737 516 18 27 2
2769 517 35 28 fr.
2820 519 33 28 10
2868 528 9 26 ;
2893 522 72 27 oeafs
2979 523 30 28 la
3020 523 80 27 don*.
3133 524 14 27 1
3168 524 85 34 fr.i2o

2513 550 110 33 poulet»
2639 550 26 30 le
2678 554 100 33 couple
2792 561 33 18 »»
2841 555 39 30 fr.
2898 566 46 20 »».

2513 635 7 9 .
2545 605 283 31 OOURIN..Marché
2837 612 73 26 dulB
2921 620 12 15 t
2940 613 312 32 ovembre.—Froment,

2705 640 15 24 9
2735 640 22 45 ?
2875 644 33 24 S
2909 643 31 43 eJ
2942 644 26 25 PI8
2970 663 7 9 '
2993 644 60 25 850
3076 659 27 5 ~
3120 637 131 43 Avoine»;

2511 667 17 25 8
2538 667 41 25 50.
2636 667 132 33 Blé-noir,
2781 672 15 25 6
2811 672 38 26 00.
2906 673 128 26 Pommes
3045 677 33 24 de
3093 679 79 26 terre,
3184 679 15 24 2
3213 679 31 25 50

2555 698 112 33 Beurre,
2681 702 26 25 le
2722 702 67 32 kilo,
2811 705 17 22 2
2848 704 32 25 fr.
2893 704 40 25 00.
2988 705 90 26 Vieux
3094 709 113 30 poulets,
3227 711 26 25 la

2513 729 106 31 couple,
2640 731 14 25 3
2678 731 30 26 fr.
2722 732 30 27 00
2765 742 6 22 ;
2798 733 107 31 jeunes,
2922 735 15 24 0
2954 735 25 25 fr
2998 736 38 25 00.
3110 738 91 30 Œufs,
3227 742 26 25 la

2512 759 143 32 douzaine,
2670 763 13 26 1
2701 763 25 25 fr
2753 764 35 25 10.
2848 764 109 32 Veaux,
2976 767 26 24 la
3018 768 70 26 livre
3105 776 46 19 sur
3180 771 72 30 pied,

2511 790 17 25 0
2543 790 24 25 fr
2593 790 39 26 45.
2700 795 137 30 Moutons,
2869 795 17 26 0
2908 796 32 25 fr.
2955 796 40 26 30.
3069 800 83 26 Porcs
3180 809 61 18 eras

2511 821 15 24 0
2538 821 35 26 fr.
2591 822 30 25 45
2683 824 67 25 Pain
2766 826 92 30 blanc,
2870 827 35 24 1»
2919 829 111 28 qualité,
3043 830 78 31 livre,
3133 831 15 25 0
3162 833 24 24 fr
3213 834 39 30 00;

2511 850 25 46 r
2683 854 15 26 0
2713 855 34 26 k.
2765 855 46 32 45;
2833 857 65 31 pain
2913 859 51 30 bis,
2983 859 17 25 0
3018 861 24 25 fr
3065 861 30 25 00
3161 863 91 31 Foins,

2512 882 39 25 les
2562 882 46 26 500
2620 883 77 31 kilo»,
2711 885 32 25 50
2754 886 31 25 fr.
2799 895 26 14 »»
2880 888 98 26 Pailles
2991 889 33 26 de
3038 892 125 31 froment,
3175 894 31 25 17
3219 895 32 24 fr.

2511 925 32 21 —,
2607 914 34 38 L'?
2644 922 11 18 s
2655 946 7 5 .
2674 915 33 25 de
2833 919 32 24 14
2882 919 31 25 fr.
2931 920 39 25 80.
3037 922 90 31 Cidre,
3144 925 27 24 la
3191 926 46 25 bar-

2512 950 86 25 rique,
2608 945 31 26 30
2652 946 32 25 fr.
2740 946 111 28 Lièvre?
2863 950 27 26 la
2913 952 77 30 pièce
3008 953 14 24 5
3045 953 38 26 00.
3141 954 100 28 Lapins

2512 973 14 26 1
2541 973 43 27 50.
2641 977 123 32 Perdrix,
2779 979 15 25 2
2804 979 39 25 00.
2854 992 25 6 -
2893 980 139 28 Béoasses,
3048 984 14 25 3
3076 985 33 24 fr.

2499 5101 76 40 Oéjà
2590 5114 40 21 ou
2644 5108 159 31 entendait
2819 5118 39 21 au
2887 5111 76 35 loin,
2992 5111 43 31 da
3061 5114 65 28 côté
3156 5114 41 30 da

2456 5150 69 32 port
2551 5152 27 27 el
2607 5150 38 31 de
2672 5151 31 30 la
2727 5151 85 35 Tille,
2832 5153 39 31 de
2884 5154 143 32 conJuiei
3043 5157 155 31 clameur*

2453 5190 100 32 naître
2568 5196 28 27 el
2610 5193 138 37 giandir.
2780 5194 51 31 On
2845 5197 149 37 devinait,
3012 5199 78 32 dam
3106 5200 77 31 l'obi-

2453 5233 98 31 ouritô
2565 5236 188 38 combattue,
2769 5238 45 32 lei
2829 5241 104 31 lueurs
2948 5243 181 32 Taoillanlei
3145 5245 53 31 de»

2453 5277 132 30 torchei.

2492 5319 47 32 La
2554 5322 181 33 détonation
2750 5326 74 31 d'un
2851 5329 113 32 lecond
2978 5339 79 30 coup
3072 5330 38 32 de
3124 5331 73 31 fmil

2456 5366 133 30 retentit.

2493 5407 25 31 C
2533 5411 73 31 était
2624 5412 163 38 Oagobert,
2806 5414 65 37 qui,
2891 5415 79 32 dani
2985 5418 32 30 la
3031 5420 113 38 fougue
3159 5420 38 31 de

2453 5459 57 25 t»n
2524 5453 73 35 xèle,
2616 5456 105 31 faiaait
2735 5457 51 31 feu
2800 5458 19 30 à
2845 5461 64 27 tout
2933 5459 116 33 haiard
3073 5467 28 27 et
3126 5472 72 22 iam

2453 5494 66 31 bnt.

2545 5541 83 33 C'eit
2643 5544 79 31 donc
2738 5551 38 25 en
2791 5552 35 24 oe
2841 5544 63 32 lien
2919 5555 59 30 que
2991 5550 31 37 je
3033 5550 67 32 vais
3115 5559 64 24 meu-

2453 5582 52 37 rir,
2524 5593 96 30 penia
2635 5588 180 34 Vaubaron,
2844 5597 53 22 oar
2927 5590 73 32 o'eat
3028 5597 67 37 trop
3111 5596 71 38 long-

2452 5629 100 37 temps
2576 5630 89 31 vivre
2689 5633 79 28 ainti
2785 5634 64 28 1...
2881 5635 61 28 Pai
2966 5644 63 24 une
3043 5642 104 32 goutte
3162 5640 39 31 de

2452 5679 77 30 taeg
2544 5681 39 22 ne
2598 5675 124 31 oonlera
2737 5685 71 21 «oui
2822 5685 51 22 ma
2888 5678 98 35 mais,
3004 5681 27 35 Je
3056 5681 30 32 le
3107 5682 67 38 jnre
3191 5694 6 25 ;

2451 5714 80 31 maii
2545 5725 120 24 oomme
2681 5719 30 30 la
2735 5719 178 37 réiiitanoe,
2944 5721 73 32 o'eit
3044 5725 31 30 la
3104 5731 93 32 mort,

2450 5758 30 37 Je
2494 5759 154 32 réiiiterai
2665 5771 78 28 pour
2757 5764 93 37 qu'ili
2867 5772 54 24 m»
2931 5770 85 27 tuent
3030 5766 8 30 1

2489 5802 79 32 Tout
2583 5805 18 28 à
2616 5813 89 31 coup,
2722 5811 30 26 et
2766 5816 40 21 au
2823 5812 138 28 moment
2978 5811 100 32 mime
3106 5813 40 31 où
3172 5815 22 30 il

2450 5845 143 31 aohevait
2608 5857 50 21 oei
2674 5854 90 32 moti,
2789 5851 28 30 le
2830 5852 193 32 méoanicien
3038 5857 103 30 releva
3168 5857 31 31 la

2450 5888 69 32 tâle.
2536 5889 70 33 Une
2621 5895 113 34 penièe
2748 5895 150 32 leudaine
2914 5896 104 32 Tenait
3028 5897 39 32 de
3081 5902 99 31 traver-

2448 5939 48 26 ser
2512 5941 59 24 ion
2585 5935 110 35 eiprit.

2487 5975 46 32 La
2548 5976 94 33 haute
2657 5981 145 32 muraille
2816 5982 18 31 à
2855 5982 135 39 laquelle
3018 5985 21 30 il
3070 5986 110 40 l'appu-

2448 6020 64 39 yait
2528 6020 139 33 haletant
2702 6026 144 38 léparait,
2876 6035 78 24 nuni
2970 6028 28 31 le
3027 6037 123 32 tavoni,
3167 6033 32 30 la

2448 6072 72 24 oonr
2536 6065 43 31 dn
2593 6065 100 38 bagne
2707 6072 28 27 el
2746 6070 78 32 oelle
2838 6071 37 31 de
2890 6072 32 30 la
2944 6072 131 31 marine.

2487 6106 56 32 S'il
2558 6110 123 30 exiitait
2696 6113 135 37 quelque
2858 6124 113 28 moyen
3001 6116 196 34 d'eioalader

2448 6155 76 28 celle
2541 6152 156 37 muraille,
2711 6155 30 31 ie
2754 6156 123 33 dernier
2891 6159 113 38 eipeir,
3022 6163 174 34 p»ul-ôire,

2447 6195 105 32 n'était
2567 6204 56 30 pi»
2637 6204 110 25 encore
2772 6202 107 35 perdu.

2486 6235 182 43 Cependant
2679 6242 30 31 le
2722 6244 131 31 tumulte
2869 6247 54 32 dei
2936 6255 57 31 pai
3002 6250 31 30 el
3048 6248 53 32 dei
3119 6249 74 32 voix

2447 6291 33 22 ee
2493 6283 198 38 rapprochait
2708 6287 207 39 rapidement,
2931 6292 70 38 déjà
3017 6292 53 31 dei
3086 6294 106 30 lueuri

2445 6334 115 31 vaguei
2574 6326 213 34 illuminaient
2802 6332 32 30 la
2846 6333 104 38 grille.
2978 6335 26 30 Il
3031 6337 105 31 fallait
3164 6346 34 24 ie

2445 6371 86 31 hâter
2545 6369 7 31 !
2569 6372 22 30 Il
2607 6372 102 31 fallait
2722 6380 60 31 que
2798 6374 30 31 le
2854 6376 105 40 fagilif
2986 6379 52 32 eAI
3064 6379 131 39 diiparu

2444 6417 94 27 avant
2551 6413 139 33 l'arrivéi
2706 6416 54 32 dei
2776 6418 165 33 chaueuri
2966 6423 162 31 d'homme
3146 6426 7 26 I

2483 6457 45 32 La
2542 6457 136 34 dixième
2691 6459 100 39 partie
2805 6461 92 34 d'une
2911 6468 131 31 monde
3069 6467 86 31 laffll
3171 6469 18 28 k

2444 6502 167 32 Vaobiron
2623 6511 77 31 pour
2715 6503 135 33 dénoner
2867 6515 33 22 la
2914 6515 142 27 oeinlnre
3083 6515 31 27 el
3139 6511 39 31 dé-

2443 6547 102 31 rouler
2557 6550 31 27 in
2603 6548 163 32 cordelette
2779 6548 76 39 qn'il
2882 6553 115 37 portail
3022 6559 112 27 autour
3150 6555 39 32 de

2443 6596 47 28 «w
2503 6589 93 38 niai,
2611 6594 30 31 el
2661 6591 65 40 qui,
2756 6594 287 39 prodigieusement
3071 6599 115 37 mince,

3338 247 71 26 Pour
3420 248 39 26 les
3587 252 22 25 le
3630 254 99 26 vachea
3739 257 27 22 et
3787 257 39 24 lea
3850 260 131 27 poicoleu
4020 263 25 24 la

3307 282 81 21 Tente
3398 281 66 25 était
3474 287 150 20 mauvaise.
3984 280 6 9 '

3344 322 287 34 LANDERNEAU.
3689 330 129 30 Marché
3831 333 39 28 du
3883 333 39 30 11
3935 345 94 19 nooem-

3307 359 61 46 îfi
3389 372 32 7 -
3437 359 106 30 F«lBe
3557 360 37 28 l-
3609 366 110 32 qualité
3733 367 40 27 le»
3791 366 50 28 100
3855 370 77 28 kilo»
3948 379 32 18 »»
4003 379 44 25 »»;

3308 392 106 30 farines
3437 394 152 37 2-qualité
3622 409 31 18 >a
3670 407 33 19 a»
3716 409 9 26 ;
3759 403 138 28 froments
3939 405 107 33 19.»»;

3307 429 100 34 •eigie»
3424 438 31 19 »»
3475 438 53 25 »»;
3546 433 97 30 méteil
3670 443 104 27 n.».;
3793 439 141 28 sarraxia»
3951 442 96 33 14.50;

3307 464 116 27 avoine»
3441 464 105 34 17.80;
3561 475 78 28 orge»
3653 470 103 34 13.15;
3774 481 65 20 son»
3855 483 32 17 »
3899 483 44 25 a»;
3969 484 79 24 ponc-

3309 504 27 20 m
3347 535 31 11 M.
3381 500 18 27 d
3400 508 15 19 *
3430 503 53 25 ten
3483 509 34 37 !ÎA
3519 498 17 28 S
3596 510 7 26 :
3619 504 76 30 to,ns
3711 508 40 27 ,M
3774 508 52 27 500
3844 509 43 27 k,l
3891 519 30 19 °»

3309 535 86 31 paille
3410 535 41 27 les
3465 534 53 27 500
3533 535 74 31 kilo»
3621 548 31 19 »»
3669 549 33 19 »a
3715 550 6 22 ;
3739 543 77 27 bœaf
3839 544 26 27 le
3879 546 61 28 kilo
3956 555 14 19 »
3985 555 33 19 »»
4039 555 8 26 ;

3308 570 90 26 vache
3412 576 67 22 ».»»
3491 578 8 26 ;
3515 579 71 22 veau
3600 581 66 22 ».»»
3683 585 8 22 ;
3718 583 116 24 moaton
3862 588 67 20 s.»»
3943 591 8 24 ;
3981 589 65 25 poro

3309 611 86 27 ».»»;
3410 606 99 27 beurre
3524 607 26 27 la
3565 607 59 31 kilo
3647 609 89 37 2.10;
3762 614 72 27 œuf»
3850 615 28 27 la
3909 618 139 28 domaine

3307 640 69 26 1.30
3386 648 7 24 ;
3409 643 110 33 poulet»
3534 643 27 28 le
3586 647 99 33 ooïipie
3700 657 71 20 ».»»
3788 658 8 25 ;
3813 651 77 28 oidre
3922 653 124 34 iajbart.

3343 723 268 33 CHATEAULIN.
3637 742 31 9 -
3693 731 125 31 iiarehi
3855 733 40 27 du
3924 736 39 28 14
3996 744 35 20 no-

3307 759 113 27 vembre
3483 759 137 31 Fremmt
3634 764 40 28 lea
3690 767 51 28 100
3756 769 76 27 kilo»
3857 770 86 32 19.»»,
3963 774 87 30 .ejgic

3308 794 77 26 14.»»
3412 796 126 27 larrazin
3553 796 32 28 14
3598 807 33 17 »»
3658 803 103 27 avoine
3776 803 91 35 18.»»,
3881 814 64 26 orge
3958 807 33 27 13
4003 807 35 28 00

3306 835 130 26 pommes
3463 830 34 27 da
3522 834 72 26 terra
3620 834 18 26 G
3650 835 43 34 00,
3724 839 96 28 bsnrrc
3844 842 26 26 la
3891 842 60 26 kilo
3974 842 72 33 2.50,

3306 863 73 26 oeufs
3393 863 27 30 la
3441 865 79 30 dons.
3541 867 72 30 1.10.

3343 919 247 33 QUIMPERLÉ.
3653 927 124 30 MarcAé
3787 931 39 28 du
3837 932 33 27 15
3886 933 161 28 novembre.

3307 953 119 31 Farines
3443 957 35 27 1-
3495 961 109 32 qualité
3632 963 40 27 lea
3702 964 50 27 100
3767 966 41 27 kil
3836 966 34 27 27
3885 977 32 15 ».
3930 976 8 24 ;
3966 967 17 26 2
4020 978 28 24 q.

3306 992 34 22 •<5
3357 998 31 19 »a
3402 998 6 24 ;
3425 992 139 31 froments
3582 996 32 28 19
3630 998 33 26 85
3673 1005 7 26 ;
3700 999 100 33 seigles
3819 1002 32 26 13
3865 1004 33 26 70
3912 1011 8 24 ;
3951 1005 98 26 méteil

3256 5120 109 35 loupie
3380 5125 28 25 el
3424 5120 94 32 d'une
3536 5122 122 30 «olidne
3674 5124 19 28 à
3707 5128 80 24 toute
3803 5133 144 28 epreave,
3980 5137 31 21 ie

3255 5161 158 31 terminait
3428 5172 58 30 par
3502 5173 41 22 an
3560 5166 76 38 petit
3650 5174 150 31 orampon
3827 5169 124 32 d'aoier.

3293 5204 45 32 Ce
3350 5215 162 30 crampon,
3527 5210 90 30 lancé
3631 5210 92 31 d'une
3735 5211 84 32 main
3830 5212 97 32 farme
3939 5223 50 28 par-

3254 5246 109 32 deiias
3379 5250 30 30 la
3423 5251 159 37 muraille,
3599 5262 39 21 en
3663 5255 115 30 mordit
3806 5257 40 28 du
3875 5258 133 37 premier

3254 5298 79 31 ooap
3358 5294 30 30 le
3415 5301 259 32 couronnement,
3707 5300 104 30 revêtu
3841 5301 38 30 de
3905 5302 105 37 largei

3255 5334 97 33 dalle»
3369 5337 37 31 de
3419 5340 105 35 granit
3537 5342 53 37 qui
3608 5341 167 33 formaient
3791 5344 15 27 à
3823 5342 97 33 droite
3935 5348 28 27 et
3991 5346 18 28 à

3255 5380 120 35 gauche
3391 5389 61 22 une
3463 5383 110 31 étroite
3589 5385 112 31 faillie.

3296 5422 168 33 Vaubaron
3480 5434 129 31 appuya
3624 5437 53 22 «r.r
3702 5430 32 30 la
3756 5430 102 34 corde,
3892 5432 99 35 légè'i-

3255 5471 83 26 menl
3353 5467 141 38 d'abord,
3513 5472 71 37 puii
3599 5472 38 31 de
3654 5477 83 27 toate
3752 5481 33 21 ta
3801 5473 141 38 vigaeur,
3979 5480 30 28 el

3254 5507 24 32 il
3293 5511 136 37 éprouva
3446 5523 43 21 un
3519 5519 139 27 moment
3686 5517 148 31 d'ivreue
3857 5518 150 33 indicible

3254 5561 38 22 en
3308 5558 122 28 tentant
3443 5565 63 22 une
3516 5558 170 32 résitlancs
3700 5561 51 37 qui
3770 5561 181 40 triomphait
3966 5563 41 33 da

3255 5604 47 24 tei
3319 5597 120 32 efforts.

3294 5641 138 38 Certain,
3450 5644 56 30 dôi
3522 5647 73 33 lon,
3612 5646 76 38 qu'il
3704 5648 104 31 venait
3823 5649 38 32 de
3879 5655 123 26 trouver

3254 5692 43 22 un
3309 5685 87 37 point
3412 5687 131 39 d'appui
3557 5689 154 34 suffisant,
3729 5691 22 30 il
3767 5692 109 32 bondit
3899 5698 38 30 et,
3966 5702 39 24 en

3255 5727 72 31 troii
3343 5728 99 37 élant,
3459 5732 22 28 il
3496 5733 145 38 atteignit
3656 5734 28 31 le
3696 5740 135 26 sommet
3841 5737 37 31 de
3893 5739 30 28 la
3935 5746 45 21 mu-

3255 5772 100 30 raille.

3294 5815 25 30 Il
3335 5817 73 30 était
3425 5822 99 35 tempi
3542 5818 7 31 !

3292 5858 46 31 La
3352 5861 93 37 grille
3459 5870 41 22 au
3511 5863 74 31 faîte
3595 5864 40 30 de
3645 5865 135 38 laquelle
3791 5876 78 21 nom
3882 5869 119 28 l'aToci

3254 5910 39 22 vn
3308 5903 103 38 gravir
3429 5907 136 28 tournait
3581 5915 54 21 ear
3652 5916 47 21 iei
3715 5911 98 34 gondi
3829 5913 18 28 à
3862 5915 47 27 oet
3937 5913 50 30 lut-

3253 5947 65 25 tant
3334 5943 110 37 préoii,
3459 5950 30 24 et
3504 5954 41 22 un
3563 5946 53 31 flot
3632 5948 176 33 d'hommei
3823 5953 100 28 arméi
3939 5950 47 31 f*i-

3253 5985 59 31 lait
3326 5986 145 32 invailon
3485 5987 79 33 dani
3579 5991 31 30 la
3639 5999 87 28 cour,
3757 6001 74 25 avec
3859 5994 53 31 de»
3941 5994 61 31 crii

3253 6027 171 37 farouohe»,
3442 6031 54 32 dei
3511 6033 223 34 vooifératloni
3749 6041 31 27 et
3793 6038 52 32 dei
3861 6038 129 39 blaiphé

3253 6080 77 22 me».

3292 6116 44 32 Le
3350 6118 195 33 méoaniaien
3560 6120 135 33 détacha
3709 6124 30 32 le
3767 6132 161 30 orampon,
3959 6129 41 34 el,

3252 6169 39 24 ne
3305 6163 129 28 voulant
3446 6170 57 31 pai
3520 6174 32 22 ie
3566 6167 124 37 léparer
3717 6169 38 28 de
3784 6168 28 30 la
3842 6170 161 35 préoleuid

3252 6204 102 34 oorde,
3365 6204 24 31 ii
3400 6204 151 34 l'enroula
3561 6209 38 31 de
3609 6219 144 24 nouveau
3767 6215 111 27 autour
3891 6213 38 31 de
3943 6215 56 35 lui,

3252 6248 80 39 puii,
3350 6252 235 35 seiuipendanl
3602 6261 54 30 par
3670 6256 47 30 le>
3731 6255 115 35 maiiii,
3870 6255 65 32 afin
3963 6259 39 31 de

3252 6293 156 31 diminuer
3419 6294 31 28 la
3464 6294 142 33 diitanoe
3621 6300 107 28 anlanl
3759 6306 59 30 que
3852 6300 146 37 ponibte,

3252 6337 21 30 il
3289 6345 32 22 ie
3334 6337 40 28 lai
3381 6345 47 20 na
3442 6339 117 35 gliiier
3573 6339 93 32 d'une
3681 6343 128 30 hiuteur
3823 6341 38 31 de
3888 6346 112 35 quime

3250 6380 19 30 à
3283 6380 79 31 teize
3377 6379 89 39 piedt
3482 6391 73 21 «an»
3572 6392 33 21 ie
3620 6384 78 31 faire
3709 6385 30 30 le
3752 6385 143 33 moindre
3921 6390 74 30 mai.

3291 6424 27 31 Il
3331 6431 32 25 ie
3376 6425 136 31 trouvait
3524 6426 177 32 déformait
3712 6428 80 30 dane
3808 6430 30 28 la
3863 6438 73 24 oonr
3961 6432 37 31 de

3250 6468 31 30 la
3292 6476 138 26 oaterne,
3444 6471 28 28 el
3488 6477 63 24 une
3579 6470 148 32 muraille
3749 6471 139 33 t'élevail
3913 6481 85 27 entre

3250 6519 46 24 ■ei
3312 6513 216 38 periéouteun
3541 6517 31 27 et
3586 6515 46 30 lui
3644 6523 8 27 ;
3667 6515 90 35 mail,
3774 6523 39 25 en
3840 6519 116 35 réalité,
3973 6520 21 31 il

3249 6555 118 32 n'avait
3380 6555 56 32 fait
3450 6563 61 31 que
3524 6557 138 38 ohanger
3678 6560 38 30 da
3732 6560 122 38 priton,
3875 6570 53 22 ear
3941 6562 53 32 dei

3252 6599 219 34 faotionnairet
3487 6601 172 37 montaient
3681 6602 33 32 la
3726 6604 96 38 garde
3848 6606 19 31 à
3895 6606 99 34 tonlee

4104 281 30 18 »»
4153 283 50 22 »»;
4218 279 124 27 «arruin
4375 279 32 26 15
4428 281 52 34 50;
4508 283 117 27 avoine*
4642 283 33 27 19
4688 285 34 26 25
4733 294 7 24 ;
4765 294 79 26 or««t

4103 311 37 44 î,
4180 345 7 9 .
4231 321 65 19 ,oni
4365 314 37 26 80
4417 335 8 11 '
4455 325 126 26 pommes
4610 319 34 27 de
4671 324 71 24 terre
4756 321 63 27 62ô
4834 330 8 25 ;

4102 344 61 28 foin
4179 344 40 45 lesi
4232 346 53 28 600
4299 350 53 27 kil.
4368 348 37 28 50
4420 350 37 27 00
4472 360 7 22 ;
4508 356 87 32 paille
4622 354 35 27 27
4682 354 37 28 00
4731 364 7 25 ;
4767 357 77 27 basai

4102 383 27 25 le
4144 383 53 25 kil.
4214 383 17 25 0
4294 391 8 24 ;
4318 389 89 24 vache
4421 384 65 30 d#»
4498 396 7 22 ;
4524 397 69 20 veaa
4605 390 72 27 0»»
4690 399 8 24 ;
4724 396 119 24 mouton

4101 415 45 47 ??
4148 449 18 13 a
4178 436 8 12 '
4204 424 47 26 P°'
4253 425 14 19 a
4356 442 7 11 •
4397 429 81 20 eQrrß
4493 422 65 27 205
4570 432 7 24 ;
4603 426 72 26 ceafi
4703 428 30 26 la
4761 428 83 27 doux.

4103 450 63 28 MO
4176 458 9 24 ;
4204 454 107 31 poalet»
4325 455 30 28 la
4368 457 100 34 couple
4482 467 15 17 »
4512 465 44 25 »»;
4565 461 167 35 châtaignes
4742 462 41 27 le*
4796 462 48 28 100

4139 541 190 33 CARHAIX.
4395 548 124 30 Marché
4533 552 39 27 du
4591 553 39 27 16
4644 556 159 28 novembre.

4103 576 104 28 Farine
4234 581 35 26 1~
4286 582 119 34 qualité,
4422 585 41 27 le»
4480 585 48 28 100
4552 588 84 33 kilo»,
4668 598 31 19 **
4728 592 34 27 fr.
4792 600 33 19 >s
4841 599 9 25 ;

4122 644 11 15 t
4324 618 26 27 tr
4352 638 6 7 •
4419 626 8 25 î
4453 620 159 34 Froment»,
4642 624 35 28 20
4707 626 24 27 fr
4752 635 8 24 ;
4791 628 43 27 sei-

4103 654 70 22 «e».
4193 648 291 38 Kf».»»;mêWl«.
4507 664 32 19 »»
4554 658 27 26 fr
4607 667 31 18 ».
4651 669 7 22 ;
4684 660 163 35 Sarrulni,

4106 683 28 26 11
4152 683 34 28 fr.
4199 691 7 25 ;
4224 686 124 30 avoines,
4368 689 32 26 17
4414 690 34 27 h.
4461 699 31 18 »D
4505 699 7 22 ;
4527 699 89 28 orge»,
4636 703 28 18 »D
4681 697 35 26 fr.
4733 704 8 25 ;
4770 705 76 20 son»,

4104 735 41 33 t..
4179 738 7 8 '
4270 729 34 26 P°
4310 729 73 20 mme
4385 731 14 19 «
4414 725 33 26 de
4461 729 83 27 terre,
4558 730 15 25 <
4590 729 46 32 fr.;
4650 731 70 27 foin.
4742 733 40 27 le*
4798 732 53 27 SCO

4103 752 86 35 kilo.,
4205 754 34 27 35
4253 756 35 26 fr.
4305 765 32 18 »D
4349 765 8 24 ;
4374 761 89 31 paille
4483 762 38 27 le»
4530 763 52 27 500
4596 764 85 30 kilo».
4695 768 33 25 15
4743 768 34 26 fr.
4794 776 32 18 »»
4838 776 8 18 :

4104 788 100 33 bœuf»,
4230 791 27 27 le
4278 791 71 30 kilo,
4374 794 12 27 l
4406 795 35 27 fr.
4455 795 35 28 20
4500 804 7 24 ;
4538 801 113 32 vache»,
4681 801 13 27 1
4723 802 35 28 fr.
4789 803 32 27 10
4835 813 8 24 ;

4257 861 13 11 .
4265 827 26 26 fr
4316 827 34 26 20
4362 837 6 21 ;
4394 836 132 22 moQ,ons
4569 833 12 27 1
4605 836 27 26 'r
4669 836 54 34 30;
4754 846 90 25 porc»,

4103 857 14 27 1
4133 859 35 26 fr.
4185 857 35 28 80
4232 868 7 25 ;
4257 861 117 31 bœarre.
4391 865 26 27 le
4433 866 72 35 kilo,
4518 866 19 28 2
4558 869 35 27 fr.
4623 869 52 34 30;
4703 874 84 26 cents.
4818 875 28 26 la

4103 894 146 34 douzaine,
4267 896 13 26 1
4296 898 35 27 fr.
4344 898 35 27 00
4391 907 6 22 ;
4415 901 118 33 ponlsts,
4551 905 28 27 la
4593 906 107 33 couple,
4719 906 15 27 3
4749 909 25 25 tr
4800 909 45 31 53;

4115 934 48 24 *P'
4167 938 18 18 n
4189 950 8 13 '
4212 931 30 27 1»
4257 934 76 30 Pièce
4362 934 11 26 1
4390 935 32 27 fr.
4440 937 45 32 25;
4500 938 99 33 lièvre,
4616 941 15 26 4
4646 943 53 31 50;
4717 944 113 33 perdrix

4064 5147 43 28 les
4123 5144 110 38 inum,
4252 5152 27 25 al
4292 5148 38 31 de
4346 5151 70 35 plai
4433 5153 43 28 les
4489 5153 116 31 soldats
4618 5157 38 31 de
4683 5159 32 28 la
4742 5167 45 21 mi-

4063 5186 76 35 fine,
4159 5191 139 30 réveillés
4315 5202 56 27 par
4383 5194 45 31 les
4443 5204 97 30 coups
4556 5199 37 30 de
4609 5199 73 31 fasil
4711 5206 28 26 et
4765 5204 45 30 lu

4064 5231 59 28 orls
4141 5232 158 38 d'alarme,
4317 5241 247 35 commençaient
4587 5244 20 28 à
4636 5245 124 37 quitter,
4791 5246 19 30 à

4062 5272 83 32 demi
4157 5276 97 30 vêtus.
4273 5280 81 28 leur»
4370 5282 195 38 chambrées,
4594 5291 30 26 et
4650 5290 18 27 à
4696 5298 32 21 «e
4757 5293 33 27 ré-

4062 5319 117 34 pandre
4193 5319 78 32 dam
4285 5322 44 30 les
4344 5326 144 31 escaliers
4501 5331 27 26 et
4544 5329 78 31 dam
4638 5331 44 31 les
4711 5334 79 30 corri-

4062 5360 83 30 dors.

4101 5404 60 31 Dss
4176 5407 144 31 lumières
4338 5411 209 34 s'allumaient
4560 5417 18 28 à
4592 5417 119 39 chaque
4741 5422 46 27 éta-

4059 5456 48 26 ge,
4124 5448 56 30 des
4193 5448 132 34 (enétres
4338 5454 197 34 s'ouvraient.

4098 5491 156 39 Quelques
4272 5499 144 30 secondes
4430 5509 110 25 eaoore
4554 5507 30 26 et
4599 5505 30 28 la
4656 5515 73 22 cour
4756 5516 31 24 se-

4058 5536 58 30 rait
4133 5538 155 34 pleine-de
4303 5543 124 30 monde.

4098 5578 25 30 Il
4137 5580 136 33 faudrait
4291 5585 86 31 s'être
4389 5591 105 28 trouvé
4507 5590 79 31 dtns
4613 5601 60 24 une
4703 5596 83 28 situa-

4058 5621 61 31 tion
4136 5624 170 33 sembtable
4320 5630 18 27 à
4352 5631 74 30 celle
4442 5633 38 30 de
4493 5634 180 33 l'infortuné
4702 5641 80 30 méca-

4056 5666 103 31 nicien
4174 5678 77 27 pour
4266 5675 202 34 comprendre
4478 5685 34 22 o«
4525 5679 74 35 qu'il
4616 5680 104 32 devait
4747 5692 35 22 en-

4055 5708 93 32 durer
4163 5713 38 30 de
4217 5717 129 30 tortures
4382 5719 137 35 pendant
4553 5731 33 21 ce
4590 5727 41 26 Me
4664 5725 86 37 faite,
4781 5730 20 27 à

4055 5753 120 38 chaque
4188 5756 117 32 instant
4318 5763 143 30 entravée
4488 5771 56 30 par
4570 5765 38 31 de
4637 5750 163 51 neuveànx

4054 5796 163 38 obstacles,
4234 5809 39 21 ou
4290 5803 98 38 pluté!
4403 5806 137 35 pendant
4560 5813 78 27 cette
4667 5812 118 40 effroya-

4055 5841 48 30 ble
4117 5843 111 35 agonie
4241 5845 154 40 physique
4404 5854 28 26 et
4449 5854 128 30 morale.

4094 5883 79 31 Sans
4189 5888 31 30 la
4237 5893 111 32 pensée
4362 5893 38 31 de
4415 5902 33 21 sa
4459 5893 65 32 fille
4551 5897 53 37 qui
4637 5898 27 31 le
4698 5906 86 27 sonte

4052 5927 77 38 n«ll,
4148 5930 165 34 Vaubaron
4338 5934 133 33 n'aurait
4498 5946 94 25 certes
4619 5950 57 28 pas
4703 5946 79 30 conti-

4054 5976 59 27 nué
4128 5976 70 34 plus
4207 5978 176 39 longtemps
4400 5988 60 22 une
4475 5982 77 31 lutte
4566 5983 226 40 laapsssible...

4054 6017 24 31 il
4088 6018 100 31 aurait
4204 6022 106 28 tourné
4319 6027 105 28 contre
4452 6026 44 30 lu!
4514 6028 99 32 même
4642 6040 54 21 son
4726 6043 53 21 cou-

4052 6063 69 28 trau
4136 6065 135 35 oatalan,
4286 6064 65 34 afin
4375 6067 38 33 de
4423 6076 39 25 ne
4491 6072 110 31 rendre
4629 6083 39 24 aa
4697 6076 98 39 bagne

4051 6104 97 38 qa'jn
4162 6107 132 32 oadavre
4309 6117 40 22 au
4363 6111 61 30 lien
4441 6113 73 32 d'un
4530 6115 105 38 forçst.

4090 6148 94 32 Mais,
4201 6159 77 21 nous
4313 6154 28 31 le
4375 6157 151 37 répétons,
4565 6161 21 30 il
4622 6164 141 35 songeait
4775 6165 19 30 à

4054 6193 141 32 Blanche
4209 6198 31 26 et
4253 6195 21 30 ii
4292 6206 33 22 se
4339 6198 93 32 disait
4449 6210 9 21 :

4143 6248 157 41 Essayons
4317 6255 7 28 I
4344 6276 46 9 ...
4411 6265 148 32 essayons
4586 6270 111 24 encore
4711 6263 9 30 I
4741 6286 48 9 ...

4051 6292 26 31 Il
4093 6300 67 24 sera
4176 6296 136 38 toujours
4329 6302 100 35 temps
4443 6304 38 31 de
4502 6306 130 31 mourir.

4087 6348 162 34 L'homme
4263 6356 52 35 qui
4331 6364 33 22 so
4378 6358 71 31 noie
4463 6367 31 22 se
4507 6364 163 31 nceroehe
4691 6366 19 28 à
4723 6369 50 28 ten-

4048 6399 27 27 te
4095 6391 189 37 branche...
4304 6398 161 34 L'homme
4480 6404 53 37 qxi
4561 6406 162 40 désespère
4750 6411 39 32 de

4046 6444 57 24 ion
4116 6439 83 31 saint
4212 6445 165 32 ressemble
4398 6454 39 24 an
4453 6450 113 35 noyé..

4605 6622 31 33 A
4652 6635 98 20 suivre

4385 4975 194 38 Imprimerie
4606 4980 164 35 Bretons,

4448 5031 41 28 *»
4662 5037 139 32 CHILLBT,

92 1028 230 44 wkkte
351 1030 99 41 »E
476 1030 403 44 tovfUMt:
1096 1019 65 83 R
1162 1044 104 59 ue
1320 1022 386 86 d'Estrées

3424 1019 139 4 «vtuouw
3581 1019 32 4 J*/
3630 1019 50 11 utf,
3819 1019 31 8 io
3913 1019 7 14 ;
3952 1019 97 12 mestiii
4075 1019 5 18 *
4167 1019 35 5 *w
4217 1019 47 14 ir.,
4280 1019 27 8 tr
4324 1019 26 18 q,
4369 1019 32 11 t*
4415 1019 39 13 rr.

2563 1089 14 38 1
2660 1082 59 56 11

145 1244 135 41 Tout
313 1245 195 40 article
541 1254 66 31 n©
639 1245 231 40 donnant
1429 1240 44 21 '
1611 1228 20 21 J
1817 1227 498 74 lllillUl/II
2408 1227 168 78 1/Li
2656 1227 150 80 UV

103 1342 102 41 pns
215 1331 339 43 satistecUon
588 1344 69 30 »»
685 1333 191 40 ircvé
1115 1337 53 80 L
1174 1365 100 54 ou
1283 1339 24 80 j
1312 1368 34 52 s
1404 1342 357 81 BOICHE
1845 1344 7 67 I
1976 1344 209 59 Affaire
2211 1345 445 74 exceptionnelle
2691 1368 72 41 en
2798 1368 28 44 s

92 1421 242 40 meilleur
377 1421 222 40 marché
654 1421 220 40 ailleurs
1846 1406 6 77 j
2611 1435 183 57 Grand

89 1500 80 40 est
203 1500 176 50 repris
406 1511 69 30 ou
498 1500 261 48 échange.
904 1501 296 50 SOLDE
1286 1505 106 44 DE
1467 1506 478 50 GANTERIE
2036 1508 103 47 ET
2225 1512 431 47 BONHETE
2679 1518 80 45 R|
2785 1519 40 46 E

3213 1192 439 144 (Entrée
3711 1198 319 156 libre)

4115 1083 141 43 Tout
4273 1096 66 32 en
4359 1090 227 44 vendant
4607 1095 113 40 trèw
4741 1096 104 44 lion

4063 1191 221 43 îuarj'hé
4313 1205 130 32 nous
4470 1201 374 45 garantissons

4063 1305 97 32 nos
4193 1300 403 45 marchandises
4631 1306 67 40 de
4731 1310 113 40 très

1976 1344 209 59 Affaire
2211 1345 445 74 exceptionnelle
2691 1368 72 41 en
2798 1351 230 63 soieries
3057 1362 56 54 et
3146 1363 224 60 velours
4376 1408 52 15 ...

2767 1436 25 22 j
2868 1435 14 12 »
2944 1436 14 12 •
3053 1441 126 18 ii*
3326 1448 13 11 •
4063 1415 176 30 nonne
4263 1415 220 41 vjiiftiitva

2610 1437 184 54 Grand
2835 1437 164 58 choix
3037 1442 70 58 de
3143 1443 248 74 lingerie,
3426 1449 304 77 broderies,
3764 1461 268 66 dentelles

3641 1552 79 30 3196
3820 1556 97 30 2-10

86 1592 30 58 A
152 1592 157 57 Vendre
353 1597 22 51 à
420 1591 213 58 l'Amiable

123 1677 270 38 Appartement
406 1676 46 30 de
465 1676 26 28 5
506 1676 128 39 pièces

83 1727 74 20 avec
174 1719 133 32 cabinet,
330 1726 102 26 caves,
450 1717 181 30 mansardes

80 1762 30 27 e)
124 1757 132 38 grenier.

120 1812 28 28 l'
152 1814 13 18 r
196 1813 87 34 étage
318 1818 52 21 rue
407 1809 220 34 Beaumanoir,

79 1857 31 26 0'
129 1852 18 28 2
164 1851 103 34 (remu
283 1851 17 27 à
315 1850 97 34 neuf).

120 1904 176 30 S'adreuer
311 1904 18 27 k
346 1902 32 28 M
384 1909 6 6 -
410 1900 216 35 BOURGES,

79 1943 129 32 notaire,
236 1943 53 37 qui
304 1942 151 30 délivrera
472 1943 26 27 le
513 1943 116 34 permis

78 1982 38 32 de
132 1983 117 30 visiter.
432 1980 79 30 3230
552 1981 77 27 I—4

122 2048 142 40 Hospices
291 2047 84 33 civils
403 2047 37 32 de
469 2047 115 33 Rennes

188 2130 324 34 ADJUDICATION

117 2180 299 31 L'Administration
432 2179 53 31 dei
510 2179 26 30 Il
542 2189 32 20 os
580 2179 28 38 pi
614 2193 8 5 -

141 2220 89 30 civil»
244 2220 39 30 de
302 2219 124 31 Rennes
442 2220 138 35 prévient
596 2218 27 31 le

83 2259 102 31 •nblic
198 2258 111 38 qu'elle
322 2263 106 26 mettra
446 2267 38 21 en
500 2258 104 37 adjudi-

84 2301 94 28 .ation
190 2301 27 30 le
227 2298 154 31 Vendredi
389 2298 38 30 22
433 2297 185 35 Novembre,

74 2341 19 28 à
113 2340 19 28 3
152 2339 111 31 heures
287 2339 37 30 de
339 2337 219 37 l'après-midi,
575 2337 31 30 di-

76 2387 67 22 vers
164 2379 94 35 objets
275 2378 38 31 de
328 2379 246 28 consommation
593 2381 28 25 et

74 2422 102 25 antres
211 2418 73 30 dont
319 2418 59 30 elle
411 2425 74 21 aura
514 2417 106 30 besoin

74 2458 137 38 pendant
227 2457 122 30 l'année
361 2454 89 30 1902.

113 2497 43 30 Le
185 2497 104 28 cahier
318 2496 53 31 des
400 2497 138 37 cbatgM,
576 2496 43 30 les

72 2536 219 34 échantillons,
309 2536 30 30 la
354 2536 203 30 délibération
572 2535 31 30 in-

73 2576 131 37 diquant
230 2577 43 27 les
298 2576 154 37 quantités
468 2583 18 20 a
501 2576 117 28 fournir

72 2621 69 25 sont
155 2616 128 34 dépesés
299 2616 77 28 dans
405 2615 43 28 les
483 2615 132 27 bureaux

70 2655 39 31 de
136 2656 9 28 I
161 2654 169 31 Koonomat
358 2655 18 28 à
402 2654 216 31 l'Hôtel-Dieu

70 2694 40 31 où
124 2694 60 31 l'on
200 2700 71 31 peut
280 2702 38 22 en
334 2693 129 38 prendre
475 2693 128 31 oocnais

71 2744 53 20 sac
130 2744 32 21 ce
185 2733 35 32 de
236 2733 18 31 8
269 2733 107 32 heures
394 2733 41 30 du
449 2733 97 30 matin
560 2734 18 27 à
599 2733 18 28 5

67 2774 111 30 heures
191 2776 30 28 le
236 2773 72 34 soir,
326 2773 41 31 les
385 2773 180 30 dimanches
587 2779 28 21 ei

67 2813 74 30 fêles
157 2815 151 35 exoeptés.
381 2811 79 31 3136
501 2811 37 32 10
540 2810 77 31 —10

66 2893 125 30 Bureau
215 2893 38 28 de
278 2893 175 32 placement
477 2891 136 33 régional

105 2939 79 28 pour
224 2930 155 33 eoiflenrs,
423 2928 165 32 LEGUES-

106 2969 133 35 DRON,
257 2979 53 21 rue
326 2972 41 28 du
386 2969 171 35 Pté-Bolté,
575 2969 39 30 22

104 3013 17 27 à
139 3011 135 30 Rennes.

119 3063 84 70 ON
243 3065 318 70 DEMANDE

102 3156 28 31 A
145 3156 120 32 acheter
283 3158 17 28 k
322 3156 123 32 Rennes
465 3165 39 20 ou
524 3156 69 31 envi-

64 3206 83 26 rons,
175 3206 43 21 un
244 3196 104 32 Fends
369 3196 37 31 de
420 3196 137 31 Coifieur
574 3196 37 32 de

61 3237 80 31 deux
158 3239 17 27 k
190 3237 73 30 trois
292 3237 86 28 mille
400 3237 115 28 francs.
544 3236 50 30 S'a-

61 3278 120 30 dresser
197 3278 15 28 k
234 3275 44 31 M.
301 3274 294 32 LEGUESDRON

61 3317 78 30 3236
534 3313 76 32 1-1

170 3403 37 51 A
255 3391 242 63 CÉDER

113 3475 100 27 Pour
234 3482 116 19 cause
377 3471 48 30 de
445 3472 111 30 santé

100 3528 69 30 Bon
184 3527 89 30 fonds
289 3527 37 28 *e
345 3526 113 31 Literie
472 3530 28 26 et
516 3527 65 31 Men-

58 3566 66 31 hirs
139 3567 89 31 neufs
244 3568 15 27 k
279 3566 136 30 tiennes.

100 3606 172 31 S'adresser
287 3614 40 21 au
343 3606 116 28 bureau
470 3606 40 30 du
523 3607 64 37 jour-

58 3648 63 30 nal.
389 3645 77 30 3227
507 3645 97 31 2-15

56 3720 81 72 Vin
152 3729 126 28 ronge,
330 3724 12 26 t
360 3720 239 48 Qfr.i'hsel.Bu.

94 3764 63 26 est.
169 3761 37 30 de
219 3761 84 35 quai.
328 3751 13 39 I
360 3751 110 44 Cigare
482 3759 119 38 déput.

87 3801 202 30 Kohattilicn
295 3800 106 37 gratis,
413 3800 175 31 I'BYBER

54 3840 83 31 KbS
144 3839 2 37 :
172 3839 202 37 propriétaire
389 3840 176 30 vitioulleur
585 3842 17 27 à

51 3873 231 37 TourmeJeuîlle
309 3876 289 38 (Haule-Garoue)

57 3952 237 73 Professeur
315 3952 106 34 libre,
439 3952 162 39 disposant

116 3994 37 28 de
167 3994 152 37 plusieurs
334 3993 107 30 heures
455 4002 54 28 par
519 3994 78 35 jour,

52 4033 152 30 demcDde
229 4032 176 37 répétitions
433 4042 38 20 ou
496 4035 103 34 leçons

51 4072 78 31 dans
145 4074 118 28 famille
280 4081 51 21 sur
344 4071 142 37 Arglais,
504 4072 74 30 Fran-

48 4114 78 33 çais.
143 4111 229 38 Comptabilité,
398 4111 184 31 Matbémati

48 4160 90 30 qnes.

90 4192 182 30 Références
285 4191 53 31 des
350 4189 70 39 plus
435 4192 159 31 sérieuses.

87 4231 172 31 S'adresser
273 4239 40 20 au
326 4230 117 30 bureau
454 4231 41 30 du
511 4232 66 35 jour-

45 4271 66 30 nal.
381 4270 78 30 3209
500 4270 98 30 2-10

46 4348 35 43 f
94 4343 71 47 CD
178 4349 26 41 k
217 4349 33 41 II
263 4348 119 43 TTC
409 4354 40 28 *y
451 4350 52 25 &D,
517 4354 20 27 P
539 4345 54 31 e,i|

47 4382 34 34 «1
94 4369 71 46 tri
177 4369 28 46 A
219 4369 32 46 11
276 4369 12 46 I
311 4376 73 39 CO
407 4389 81 25 caut.
511 4385 80 30 dem.

41 4431 33 24 V.
93 4424 79 30 tenir
187 4424 100 28 débits
302 4424 69 30 vins
387 4431 24 22 s.
430 4424 162 35 comptoir.

44 4463 41 30 R.
102 4468 30 25 et
146 4463 47 30 C°.
213 4468 85 32 poste
314 4467 81 30 rest-,
416 4462 136 31 Rennes.

43 4502 78 30 3233
516 4504 73 28 1-1

39 4566 73 31 35*
133 4569 196 37 Régiment
360 4567 233 31 d'Artillerie

77 4656 223 39 Adjudication
328 4656 52 31 des
407 4657 129 30 fumiers
563 4663 28 26 et

37 4695 54 33 des
102 4698 171 31 dépouilles
285 4696 188 31 deohevaux
483 4702 105 25 mo»is.

77 4735 43 32 Le
143 4735 18 32 7
189 4735 168 32 Décembre
380 4736 161 37 prochain,
568 4736 21 30 il

37 4783 67 22 sera
120 4775 130 38 procédé
276 4776 18 28 k
321 4775 18 30 2
356 4774 110 32 heures
481 4775 37 31 de
533 4775 43 31 l'a-

35 4815 165 37 près-midi
215 4824 41 21 au
268 4815 137 37 quartier
420 4814 41 31 du
477 4814 48 31 35'
541 4818 33 27 ré-

35 4856 119 37 giment
183 4854 188 30 d'Artillerie
386 4863 60 21 aux
463 4854 107 37 adjudi-

35 4896 120 28 cations
178 4894 53 30 des
254 4893 129 30 fumiers
405 4898 28 25 et
456 4893 53 31 des
536 4894 34 30 dé-

37 4935 133 34 pouilles
187 4933 38 31 de
240 4932 150 32 chevaux.

37 4974 77 30 3235
510 4970 77 33 1-5

690 1589 402 150 Grande
1152 1590 632 198 Chapellerie
1844 1592 128 150 de
2049 1594 390 156 l'Ouest

872 1796 122 56 Rue
1019 1795 71 56 de
1117 1796 283 58 Nemours
1431 1800 92 70 {en
1551 1801 133 67 face
1716 1801 59 54 la
1802 1801 223 69 grande
2052 1802 194 71 Poste)

788 1878 366 84 MAISON
1215 1880 123 80 LA
1400 1881 242 85 PLUS
1704 1884 624 86 IMPORTANTE

686 2054 139 70 PRIX
874 2056 139 70 FIXE

1233 1987 84 41 De
1345 1987 150 45 toute
1525 1990 52 41 la
1606 1991 286 51 Bretagne

1183 2056 208 72 VENTE
1437 2060 77 70 AU
1564 2060 363 70 COMPTANT

791 2154 67 33 5<5
879 2156 24 20 r
922 2154 34 25 a.

791 2191 22 21 R
835 2180 24 33 S
880 2180 22 22 S
921 2185 35 27 O*
967 2198 32 18 K.

791 2230 22 18 »
835 2228 30 38 g.
878 2241 24 18 o
921 2238 24 19 o
966 2231 24 17 «

791 2285 21 41 §

790 2331 22 33 8
921 2313 24 41 S
965 2317 24 35 8

789 2437 22 22 a
834 2394 22 56 i
965 2418 33 25 a.

788 2463 24 18 O
831 2450 111 31 «.Ï.B
964 2444 24 18 *

921 2481 20 14 ce
963 2479 24 17 ri

785 2502 11 8 ■
831 2480 125 64 iris-

830 2606 67 37 a*a
961 2627 22 25 s

828 2654 156 63 8-S-&-S

830 2714 32 33 -
862 2714 33 33 «
917 2717 21 33 2
960 2717 24 33 3

872 2748 67 21 s-«
960 2739 22 32 2

828 2774 67 37 a.-e
917 2772 21 15 *
959 2776 27 30 £

870 2800 24 31 £
915 2807 22 18 a

870 2841 24 20 °
907 2828 38 45 C

827 2862 33 25 a,
870 2865 22 20 R
913 2851 69 43 jfcS

827 2889 30 17 rv
869 2889 24 17 ïo
914 2884 66 24 S-«C;

824 2934 25 20 »
912 2931 69 26 EtR

823 2957 27 22 a
869 2953 25 27 î
957 2957 25 30 ,i

824 2983 31 11 M
869 2976 11 18 f
891 2976 11 18 3
912 2976 22 18 Ct
957 2978 22 15 te

1102 3018 444 74 ARTICLES
1618 3022 367 72 D'HIVER

770 3128 257 59 Nouveautés
1048 3128 50 59 de
1117 3126 40 60 la
1178 3128 141 59 saison
1350 3128 113 72 (Voir
1482 3130 61 58 les
1564 3130 184 76 étalages
1768 3132 236 73 exposition
2026 3133 288 80 permanente)

1332 3220 44 40 I,
1394 3219 46 41 A
1500 3222 249 40 «ODE

726 3285 214 59 Chapeau
961 3285 149 45 feutre
1131 3285 162 61 imper,
1320 3285 149 47 forme
1489 3288 269 52 Directoire,
1782 3289 158 46 arlicle
1961 3291 161 61 soigné
2153 3292 25 46 à
2212 3294 44 50 3
2300 3298 92 51 95
2399 3331 15 28 ;

666 3350 44 45 4
743 3350 113 58 50,
895 3350 44 46 4
972 3348 112 47 95.
1121 3347 214 60 Chapeau
1365 3347 150 47 feutre
1545 3364 110 46 cape
1684 3351 133 54 rond,
1852 3351 119 47 belle
1998 3352 149 50 forme
2167 3356 25 46 à
2222 3357 44 51 3
2297 3360 116 50 45.

664 3407 44 51 3
739 3410 117 60 95,
886 3410 46 48 4
966 3410 112 57 50,
1108 3410 46 48 4
1186 3410 92 51 95

1209 3488 340 44 CHAPEAU
1598 3490 280 44 SOUPLE

723 3557 60 44 Le
804 3576 21 21 «
849 3556 150 46 Mores
1024 3576 20 21 »
1068 3557 155 46 article
1243 3557 325 46 recommandé
1586 3557 27 46 à
1643 3559 43 50 2
1717 3561 94 50 45
1831 3566 44 38 et
1896 3561 44 50 2
1971 3563 115 48 95.
2120 3563 58 46 Le
2200 3583 21 21 «
2245 3565 118 48 Boer
2387 3588 15 20 »

661 3619 113 44 bord
809 3618 109 61 plat,
944 3618 85 63 joli
1059 3619 149 46 feutre
1237 3618 25 45 à
1296 3620 44 48 3
1371 3621 115 60 45,
1518 3620 43 50 3
1593 3621 103 60 95,
1728 3624 44 46 4
1805 3624 115 60 50,
1949 3627 35 41 4
2015 3625 100 50 95.

1284 3711 526 56 CASQUETTE

719 3780 267 60 Casquettes
1030 3778 117 53 cuir,
1193 3777 149 46 forme
1378 3780 119 52 velo,
1545 3780 164 60 depuis
1773 3787 9 41 I
1826 3787 87 44 25.
1965 3782 272 64 Casquettes
2284 3789 118 56 cuir,

658 3839 148 46 forme
836 3855 148 34 russe,
1017 3840 165 61 depuis
1228 3846 8 40 I
1280 3844 89 41 45.
1402 3841 308 46 Assortiment
1736 3844 320 46 considérable
2073 3856 57 37 de
2145 3856 257 53 casquettes

654 3902 120 54 vélo,
804 3902 169 45 visière
1002 3902 116 53 cuir,
1152 3901 163 51 depuis
1345 3906 31 43 0
1411 3907 85 43 75.
1534 3904 272 59 Casquettes
1835 3921 119 43 pour
1982 3908 162 46 atelier
2171 3911 26 45 à
2226 3915 32 43 0
2284 3917 86 44 45.

656 3963 201 43 ICntrfre
872 3965 136 40 libre
1091 3963 222 41 Clrande
1329 3963 339 52 Chapellerie
1682 3966 67 41 de
1765 3967 201 43 l'Ouest
2049 3970 202 45 Entrée
2265 3973 137 41 libre

2564 3780 81 145 Les
2568 3308 84 424 Annonces
2588 3078 67 180 sont
2602 2752 72 280 reçues
2606 2590 57 104 au
2582 2226 84 313 Bureau
2585 2072 83 110 du
2590 1704 85 326 Journal

3014 1707 338 87 Maisons
3444 1716 100 84 de
3631 1721 312 87 Rennes
4032 1741 647 84 recommandées

3684 1832 318 58 spécialement

3358 1911 149 51 PAR
3569 1917 59 47 L'
3659 1931 19 22 «
3709 1918 560 63 OUEST-ÉCLAIR
4304 1951 12 14 •

2961 2066 402 54 MUSIQUE

2854 2112 291 74 BOSSARD
3168 2158 40 14 -
3231 2122 248 72 BONNEL

3008 2206 85 32 Planoa
3113 2211 24 30 el
3152 2209 167 34 Harmoninmi

2890 2243 260 41 INSTRUMENTS
3162 2258 131 27 CUIVRE
3304 2262 46 25 ET
3361 2261 83 30 BOIS

2850 2289 206 28 Réparation*
3066 2295 40 22 *•
3118 2297 72 21 tau
3203 2298 50 21 lea
3274 2300 203 26 Inatrumants

2972 2320 161 32 Location*
3161 2331 27 20 et
3210 2326 146 39 échanges

2914 2363 129 46 IDSIQUI
3057 2373 7 31 :
3077 2367 188 41 iboanemeoti
3281 2379 8 38 ;
3305 2373 111 38 looerdi

2950 2424 159 33 Facilité
3119 2428 48 31 de
3189 2431 190 38 paiement

2848 2500 282 48 CARTES
3148 2510 69 43 de
3237 2511 240 45 VISITE

3025 2581 81 25 Trôt
3139 2584 150 32 soignés*

2863 2630 44 28 EN
2931 2631 211 33 TYPOGRAPHIE
3167 2647 35 20 ET
3226 2639 230 33 LITHOGRAPHIE

2961 2692 100 34 depuis
3078 2695 20 26 t
3117 2695 35 28 fr.
3170 2696 47 26 15
3235 2698 25 27 le
3274 2702 76 26 cent.

2844 2735 144 40 Imprimerie
3000 2740 126 40 Bretonne,
3145 2744 26 35 4,
3194 2752 41 24 rue
3255 2747 30 30 de
3306 2747 32 31 La
3350 2748 120 33 Chalotiis

2896 2825 126 38 Inoienne
3039 2828 98 38 Maison
3152 2830 24 37 L.
3193 2829 228 44 létraille-Oollen

3022 2888 119 30 Fondée
3157 2900 34 19 en
3208 2893 84 27 1842

2848 2966 228 56 LOUIS
3141 2974 325 56 COLLËU

2903 3037 159 28 GENDRE
3081 3043 50 25 ET
3146 3044 265 27 SUCCESSEUR

2841 3102 138 32 Bureaux
2992 3115 8 19 :
3021 3107 43 34 20,
3081 3109 154 30 bonlevard
3250 3115 33 26 de
3301 3115 28 27 ls
3346 3115 122 28 Liberté.

2941 3180 85 24 vrwB
3061 3183 46 22 ET
3142 3185 224 26 SPIRITUEUX

2838 3222 157 35 Spécialité
3011 3228 47 27 des
3069 3229 131 35 Marque»
3215 3239 8 20 :

2908 3268 41 28 LE
2962 3270 174 32 QUINQUINA
3152 3274 243 35 SAINT-AUBERT,

2837 3307 9 27 I
2857 3306 91 31 AMER
2959 3309 187 37 MÉTRAILLE,
3157 3315 24 27 le
3196 3317 91 28 RHUM
3304 3325 52 22 DES
3370 3319 100 30 NOIRS

2934 3384 170 40 Récompenses
3123 3397 45 22 aoi
3190 3390 145 38 Impositions
3360 3402 6 21 :

2836 3429 122 33 Renne»,
2970 3432 69 31 18S7;
3053 3433 87 33 Lyon,
3151 3436 69 28 1894;
3234 3438 155 33 Bordeaux,
3396 3441 67 32 1895;

3047 3469 123 33 Rannes,
3182 3472 70 32 1897;

2835 3508 37 26 Le
2884 3510 83 27 Man«
2978 3513 69 31 1899;
3064 3514 85 31 Paria,
3157 3516 69 31 1900;
3241 3519 131 26 Médaille
3381 3521 83 32 d'arg.

2870 3586 59 58 Où
2959 3601 99 44 voos
3089 3591 309 63 Habiliez-voos
3418 3595 20 57 ?

2942 3671 26 45 à
2995 3671 318 53 rHabit-Noir
3332 3679 12 44 !

2832 3739 180 47 GIITTON,
3041 3755 54 31 rne
3129 3745 39 41 de
3193 3746 31 40 li
3256 3746 151 47 Monnaie,
3441 3751 22 41 6

3027 3797 236 33 RENNES

2831 3833 149 38 Mesures,
3001 3836 193 33 Confections
3211 3848 38 21 en
3265 3844 71 26 tous
3350 3847 111 32 genres

2911 3888 204 30 MESSIEURS
3141 3893 45 25 ET
3209 3894 167 27 ENFANTS

3534 2074 156 96 Grand
3716 2081 112 92 Café
3855 2083 59 92 de
3944 2086 48 90 la
4019 2087 142 92 Poste

3581 2185 57 32 Prti
3650 2186 21 31 le
3680 2186 79 33 Palais
3769 2190 39 31 des
3819 2191 87 33 Postes
3917 2196 24 28 et
3953 2193 157 38 Télégraphes

3534 2249 194 41 RENNES,
3744 2255 97 37 Quai
3855 2257 236 40 Lamennais,
4134 2259 20 31 1

3620 2310 249 33 CONSOMMATIONS
3885 2324 35 20 DI
3983 2326 87 22 CHOIX

3531 2369 159 38 Fréquenté
3705 2383 52 26 par
3770 2376 44 28 M.
3829 2378 44 28 M.
3889 2380 40 26 les
3941 2380 217 35 Commerçant*

3705 2413 27 26 et
3754 2411 229 38 Entrepreneurs

3534 2466 78 31 Tout
3652 2470 41 28 les
3728 2473 128 28 samedis
3889 2476 194 30 rendes-eous
4123 2478 35 28 de

3651 2505 47 30 M.
3725 2507 46 30 if.
3796 2509 41 28 tes
3866 2511 170 37 négociants

4023 2548 135 33 Téléphone

3601 2654 137 31 VENTE
3776 2660 51 27 AU
3859 2661 230 31 COMPTANT

3711 2693 14 26 5
3741 2693 39 32 o[o
3797 2695 172 33 d'escompte.

3528 2785 126 32 Magasin
3666 2786 15 25 h
3694 2786 80 31 Bain,
3788 2792 94 22 ouvert
3895 2792 72 25 toute
3985 2792 25 25 la
4022 2793 132 31 semaine,

3630 2831 50 20 rue
3693 2826 34 26 de
3741 2828 111 31 Nantes,
3868 2832 59 28 près
3940 2832 102 31 l'église

3553 2928 139 51 HALIE
3723 2933 60 47 OU
3819 2935 90 45 BON
3940 2928 187 54 MARCHÉ

3595 2994 93 26 Maison
3705 2995 27 28 ]a
3746 2998 56 30 plus
3816 2998 143 32 Importants
3972 3000 31 26 de
4017 3000 66 26 toute

3761 3033 22 25 la
3800 3033 118 33 Bretagne

3527 3071 135 40 Draperies.
3756 3074 155 34 Nouveautés.
3991 3078 162 33 Roueinerlei

3726 3116 77 31 folles
3823 3117 21 31 &
3868 3117 86 32 Blases

3550 3162 249 38 CONFECTIONS
3816 3176 45 24 EN
3876 3176 92 26 TOUS
3990 3176 138 27 GENRE*

3697 3227 125 21 AMECB
3826 3228 167 22 LEME\TS

3522 3276 172 39 Spécialité
3705 3280 168 33 d'Articles
3882 3283 91 32 haute
3985 3288 164 28 nouveauté

3710 3334 80 30 pour
3802 3327 157 39 mariage»

3556 3430 116 59 Elie
3723 3435 390 72 JACQUART

3594 3526 11 9 '
3633 3510 52 34 10,
3702 3509 98 32 Place
3816 3513 37 28 de
3868 3514 163 39 Bretagne

3739 3554 187 32 HENNES

3519 3658 69 30 Prix
3614 3660 71 31 fixe.
3715 3677 38 8 --
3777 3663 164 31 Confiance
3970 3670 28 26 et
4028 3666 118 37 probité

3516 3763 89 28 Toutes
3619 3765 37 27 les
3667 3769 184 26 marchandises
3876 3770 57 26 sont
3957 3771 130 32 marqoée*
4114 3781 30 20 en

3731 3803 96 26 chiffres
3852 3811 92 20 connus

3516 3854 48 30 On
3598 3855 78 32 rend
3704 3856 136 39 l'argent
3865 3862 19 26 à
3912 3860 54 39 qui
3998 3863 144 30 trouvera

3679 3895 143 32 meilleur
3854 3900 125 28 marché

658 4071 625 84 MEUNIERS,
1382 4070 807 93 INDUSTRIELS,
2282 4082 728 86 ATTENTION!

704 4252 65 35 Four
796 4252 26 35 1&
848 4251 92 37 Saison
966 4251 31 35 de
1022 4250 152 37 Sécheresse

657 4331 269 72 MOTEUR
964 4331 256 71 CHARON

817 4437 76 31 Gaz
912 4447 144 30 pauvre

650 4519 59 45 20
750 4517 216 48 Chevaux
1004 4518 58 46 de
1100 4517 123 46 force

875 4612 120 46 pour

677 4676 105 60 cinq
804 4676 151 46 francs
977 4691 85 46 par
1075 4676 112 60 jou<*

646 4776 120 40 *£oo
796 4778 425 43 Installations

800 4852 67 41 de
908 4853 162 41 faites

1419 4175 249 33 VENTE
1717 4180 94 31 ET
1863 4181 377 34 LOCATION

1695 4682 289 86 mmm

2487 4261 66 38 Pour
2581 4264 26 37 la
2629 4265 91 39 Salsoi
2746 4267 31 38 de
2803 4267 152 40 Sécheresse

2437 4342 272 73 MOTEUR
2748 4350 254 72 CHARON

2597 4452 253 43 Economique

2432 4527 239 52 Marchant
2715 4550 58 31 au
2825 4535 178 50 Pétrole

2580 4611 26 45 à
2627 4611 230 50 l'Essence

2491 4694 53 40 et
2602 4689 25 46 à
2689 4690 250 50 l'Alcool

2530 4788 366 54 Applications

2424 4865 38 43 À
2486 4866 182 45 tontes
2696 4871 302 45 Industries

855 4988 172 30 S'»dre»»er
1045 4997 7 21 :
1072 4989 122 30 Bamo
1215 4989 126 32 ofnlul.
1359 4988 18 61 S
1395 4988 19 61 6
1431 4988 164 61 boulevard
1613 4990 149 40 Sah».u>p
1766 5002 17 21 o
1786 4994 19 35 l,
1822 4994 128 33 Ntntei.
1969 5011 37 7 -
2023 4997 123 32 Baréta
2164 5000 174 39 uuMalre,
2354 5004 50 37 38,
2424 5015 53 22 me
2492 5008 109 38 LIT»!,
2621 5011 165 38 Fongére..
2863 5015 97 31 1-5*

3067 4101 228 76 Barriques
3315 4103 304 84 ftï&îft

3066 4178 71 31 Eor.
3156 4180 37 32 L.
3210 4182 51 35 G.,
3280 4183 137 38 Renne»,
3444 4193 85 31 poile
3547 4195 71 22 reii.

3065 4217 78 31 3234
3540 4227 14 27 1
3601 4228 17 28 i

3065 4283 326 43 Adrosnoi
3501 4305 111 24 ou»

3282 4352 113 32 POUR

3064 4403 136 58 VOS
3226 4407 381 60 PLACARDS

3111 4482 25 45 i
3156 4482 220 54 l'lapriaerlt
3405 4491 158 44 Irclom

3058 4556 31 37 4,
3156 4559 67 32 Rne
3235 4560 39 31 di
3288 4560 46 32 La
3350 4563 176 37 Cbalolaii,
3594 4566 19 27 4

3250 4612 163 31 RENNES

3113 4669 81 70 ON
3235 4671 320 73 DEMANDE

3056 4748 53 31 de*
3125 4750 155 32 vendenri
3305 4755 38 28 de
3366 4756 157 37 joarnaax
3549 4759 60 30 trèi

3056 4788 132 31 sérieux.
3221 4791 67 32 Bon
3328 4793 72 32 fixe.
3433 4795 175 32 S'&dreiier

3053 4834 40 21 an
3110 4827 116 32 bnreag
3243 4832 41 28 dn
3301 4833 136 31 jouro*!.

3053 4891 25 64 i
3093 4903 72 54 DOS
3180 4894 172 66 abonnés
3373 4899 230 65 etleotesrs

3091 4977 27 33 A
3130 4983 131 30 mainte*
3276 4987 133 35 repriiei
3425 4996 43 22 an
3488 4989 117 32 oerlain

3053 5019 130 31 nombre
3195 5021 39 30 de
3248 5031 56 20 no«
3318 5024 221 33 leoteorinom
3552 5031 54 26 ont

3677 4109 154 33 demandé
3857 4113 39 31 de
3924 4115 66 30 leur
4019 4116 144 39 indiquer
4180 4129 38 19 UD

3659 4148 1 46 I
3676 4148 59 32 bon
3749 4152 122 37 Journal
3889 4153 267 41 photographique
4167 4168 33 20 au-

3674 4189 71 35 quel
3774 4191 40 30 Mi
3846 4194 177 34 pourraient
4051 4196 168 31 demander

3674 4228 44 28 lei
3739 4230 261 37 remeignementi
4029 4239 30 26 et
4085 4238 133 28 oonieil*

3674 4266 73 31 dont
3762 4269 39 28 ils
3822 4274 53 26 ont
3900 4271 104 32 besoin
4032 4281 77 31 pour
4136 4277 81 30 leurs

3673 4307 184 37 opération!.

3713 4355 150 32 Désireux
3898 4358 38 30 de
3969 4361 44 30 iei
4050 4362 165 37 latiifaire,

3671 4402 79 21 nom
3778 4403 97 22 avom
3905 4397 112 32 obtenu
4044 4401 71 37 qu'à
4147 4402 69 32 titre

3671 4433 122 38 d'euai,
3843 4435 276 35 l'adminiitration
4173 4442 40 30 do

3670 4480 15 20 «
3703 4473 83 28 Petit
3806 4474 226 39 Photographe
4046 4487 15 20 »
4078 4480 79 31 fane
4174 4491 40 21 un

3669 4512 148 31 service
3857 4515 136 37 gratuit
4033 4518 47 30 de
4122 4520 93 31 trois

3669 4551 93 31 mois
3777 4557 17 27 &
3810 4558 67 27 toui
3905 4566 77 20 ceux
3996 4558 38 31 de
4049 4567 56 22 no«
4121 4560 72 31 abon-

3669 4593 53 30 né*
3748 4597 28 27 et
3804 4594 131 31 lecteuri
3950 4598 53 35 qui
4018 4605 37 24 en
4072 4599 98 31 feront
4185 4600 31 30 la

3669 4631 163 33 demande.
3896 4635 44 30 lia
3954 4642 176 27 trouveront
4144 4639 70 38 plus

3667 4670 66 31 loin
3759 4681 44 21 un
3831 4672 59 31 bon
3919 4676 115 35 ipéeial
4050 4677 74 38 qu'il
4148 4680 65 30 leur

3669 4709 104 31 infflra
3789 4711 38 31 de
3842 4713 152 35 découper
4004 4719 28 26 et
4042 4716 18 27 d
4074 4716 138 31 adreiisr

3666 4748 78 31 àM.
3763 4749 129 32 Charlei
3909 4753 196 37 MENDKL,
4144 4756 64 35 118,

3665 4795 53 24 rue
3733 4788 141 38 d'Aiias,
3904 4793 18 27 à
3951 4793 98 34 Parii,
4068 4802 38 22 en
4127 4795 70 38 a|ou

3665 4830 64 28 tant
3746 4827 64 31 leur
3826 4838 74 22 nom
3928 4834 27 26 et
3984 4833 67 30 leur
4072 4834 137 37 tdreue,

3664 4874 38 21 ou
3718 4867 198 37 limplement
3931 4879 60 22 une
4016 4877 84 27 «arte
4111 4873 39 32 de
4163 4876 32 30 vi-

3663 4905 67 34 ■ite,
3748 4915 77 30 pour
3848 4911 135 28 recevoir
4005 4913 203 31 laliifaotion.

3704 4950 87 31 Noui
3808 4961 96 22 aToni
3919 4955 31 28 la
3961 4956 176 32 oonviotion
4150 4968 59 28 que

3663 4990 182 32 réeloadeau
3854 5001 60 30 que
3924 5003 78 21 nom
4017 4996 117 32 faiioni
4150 5007 38 21 au-

3661 5029 156 37 jourd'hui
3847 5033 18 27 à
3893 5042 56 20 DOI
3977 5035 129 31 IMTEURI
4143 5046 61 21 icr»

4305 2094 132 37 Bijouterie,
4465 2095 145 39 llorlogerle,
4635 2098 120 33 Joaillerie

4254 2190 102 32 AU
4385 2193 222 33 PETIT
4632 2196 169 32 NOIR

4306 2250 190 90 MAISON
4534 2254 216 69 RAFFADT

4370 2336 37 25 La
4420 2337 60 30 plus
4492 2339 135 25 ancienne
4639 2340 33 24 de
4687 2340 112 27 Rennefc

4253 2380 78 35 Place
4343 2381 30 35 de
4385 2382 25 35 la
4420 2381 91 38 Mairie
4522 2383 26 37 et
4559 2391 47 30 me
4617 2383 136 46 d'BstréJs,
4762 2387 14 35 2

4279 2484 135 28 Grand
4429 2487 115 26 choix
4561 2489 48 26 de
4626 2490 142 34 Bijoux

4417 2532 69 24 pour
4501 2526 138 32 Mariages

4253 2571 125 40 Objets
4395 2572 123 32 d'Arts
4541 2580 34 26 et
4597 2578 202 31 Fantaisie*

4383 2623 79 20 pour
4492 2620 176 24 CADEAUX

4310 2662 141 31 Coutellerie
4463 2668 96 34 arg»nt.
4573 2673 80 28 nacre,
4668 2668 72 30 iroire

4267 2705 125 26 Services
4402 2707 33 24 de
4444 2708 71 25 table
4522 2713 94 26 argent
4623 2714 26 20 et
4658 2713 124 28 argentés

4248 2740 156 39 Réparations
4417 2743 162 39 d'Horlogerie
4590 2752 25 25 et
4626 2746 28 31 de
4670 2746 126 38 Bijouterie

4326 2803 117 32 Achats
4457 2806 65 30 d'or
4537 2811 28 27 et
4580 2806 138 39 d'argent

4300 2897 261 46 COMPAGNIE
4579 2900 57 45 OU
4652 2901 91 46 GAZ

4286 3008 195 40 Eelulrufje
4511 3021 56 30 par
4594 3015 183 32 incaduicen

4248 3058 41 22 ce,
4313 3051 185 32 i'êlectr>mié
4513 3063 54 28 par
4581 3056 27 30 le
4624 3065 67 27 gsz.

4285 3106 201 39 Chauffage
4501 3119 39 20 au
4553 3113 86 34 cote,
4669 3115 28 30 le
4726 3119 69 33 plat

4247 3148 139 37 pratiqua
4397 3154 27 25 el
4437 3152 28 27 le
4482 3152 142 30 meilleur
4656 3156 136 30 marché.

4285 3204 73 30 Voir
4393 3207 44 28 les
4466 3204 184 33 Cheminée»
4681 3213 96 27 écono-

4245 3248 119 34 mique*
4380 3248 15 25 à
4411 3246 85 37 cok®,
4513 3256 53 22 rue
4580 3250 27 28 le
4626 3250 133 32 Baiiaid
4776 3254 19 28 i>

4244 3282 32 31 1%
4291 3286 194 37 Compagnie
4499 3296 43 20 <xu
4559 3298 71 28 gtu.

4245 3379 248 67 Guérison
4548 3386 241 67 Radicale

4320 3487 53 31 En
4394 3489 148 39 quelque»
4561 3501 152 22 temamet

4285 3549 58 28 Des
4378 3550 165 27 eczémas
4573 3553 163 31 rebelles
4763 3562 28 25 et

4241 3587 53 31 des
4320 3589 124 35 piaicsi
4469 3594 250 34 variqueuses
4737 3606 53 28 par

4241 3627 137 38 l'emploi
4395 3634 167 27 simultané
4576 3637 37 27 de

4240 3687 31 28 La
4287 3687 79 31 Lotion
4381 3690 222 40 antiVicmatique.
4632 3694 20 31 le
4667 3696 30 31 11.
4721 3697 17 30 3
4753 3698 33 31 Ir.

4239 3726 102 31 L'Elinr
4355 3729 119 35 dépuratif
4646 3751 35 6 _
4724 3737 17 28 4

4239 3765 31 31 La
4278 3765 124 33 Pommade
4411 3770 194 41 antieczématiq.
4630 3774 21 31 te
4665 3778 39 34 pol
4728 3776 15 30 2

4279 3829 98 37 Dépôt
4391 3839 74 26 pour
4481 3833 136 38 Rennes,
4631 3836 135 32 Pharma-

4238 3867 46 31 cie
4313 3869 223 39 MONTIER,
4566 3880 86 33 place
4683 3878 103 31 Saint-

4239 3907 149 34 Sauveur,
4408 3909 137 32 Rennes.

4276 4136 143 34 apprécié
4434 4146 119 24 comme
4581 4140 21 31 il
4633 4143 145 28 oeoTfent
4795 4147 28 26 at

4274 4174 92 37 qu'il»
4382 4185 77 20 nom
4475 4183 126 26 sauront
4624 4183 52 33 gré
4691 4182 37 28 de
4744 4186 77 27 celle

4274 4215 164 30 démarche
4446 4217 80 33 faite,
4539 4227 76 21 nom
4629 4221 27 30 le
4665 4222 157 35 rèp-Jtoni.

4273 4252 78 30 dan»
4369 4253 136 40 l'unique
4526 4257 53 31 but
4609 4259 38 30 de
4675 4261 65 28 leur
4756 4261 63 31 dire

4273 4293 86 30 utile.

4284 4377 331 41 Oflerlparl'OUEST
4636 4385 157 32 ECLAIR

4323 4419 83 30 Atet
4422 4420 25 30 A
4453 4420 113 32 bonus
4578 4426 30 26 ti
4624 4424 143 31 Ltetru^x

4450 4487 116 50 BO
4592 4489 45 46 N

4502 4550 78 26 pour

4294 4581 30 25 ao
4339 4577 154 31 ïbojnenent
4504 4581 93 35 gratuit
4612 4581 28 31 de
4656 4584 58 30 trois
4729 4585 58 30 mois

4348 4632 32 30 ta
4408 4628 84 38 PBTIT
4519 4629 214 41 PBOTOGSIPfII

4456 4696 169 27 JOURNAL

4304 4723 47 25 de»
4363 4726 144 26 Amateurs
4522 4727 32 25 de
4573 4729 197 33 Photographe

4326 4755 125 32 Découpe
4456 4765 43 18 rce
4514 4757 58 25 Bon
4585 4765 26 20 et
4633 4762 143 26 l'adresser

4292 4789 67 20 avec
4374 4791 61 20 nom
4448 4791 26 20 ai
4487 4788 107 26 adresse
4611 4798 35 18 ou
4659 4799 53 18 une
4724 4800 73 17 a*m-

4293 4817 44 25 Pie
4350 4821 72 21 carte
4441 4818 33 25 de
4487 4820 87 30 visite,
4590 4821 15 25 k
4619 4824 38 22 M.
4676 4824 119 26 Oharle»

4293 4847 122 28 Mendel.
4428 4850 52 27 IXB,
4494 4857 48 18 rue
4554 4852 118 25 d'Aisaa.
4689 4854 87 22 Paris.
