2473 4054
863 300 637 96 RAPPORT

295 535 132 73 DE
495 539 94 70 M.
648 519 346 92 L'ABBÉ
1055 537 138 74 DE
1257 536 813 90 MONTESQUIOU,
2194 592 15 14 *

392 618 59 109 \|
451 613 288 78 ,wyfif
1357 613 2 113 ■
1430 652 6 4 -

782 726 276 43 MINISTRE
1093 725 76 44 DE
1200 717 389 63 L'INTÉRIEUR,

132 873 255 46 Prononcé
407 874 117 45 dans
550 876 46 43 la
615 870 237 50 Chambre
875 874 81 45 des
976 875 213 58 Députés
1209 876 81 44 des
1310 876 370 59 Départemens,
1708 876 168 43 séance
1894 874 66 48 du,
1985 889 48 28 12
2053 874 181 50 Juillets

735 1024 337 74 PRÉSIDÉE
1110 1045 138 51 PAR
1285 1044 72 53 M.
1397 1026 227 74 LAINÉ.

162 1345 163 35 Messieurs,
341 1348 35 27 Sa
391 1346 128 35 Majesté,
531 1357 37 17 en
582 1352 146 31 reprenant
743 1348 37 27 les
793 1349 78 26 rênes
883 1346 34 27 du
930 1355 228 27 gouvernement,

128 1391 19 18 «
157 1383 84 26 désiré
254 1382 65 26 faire
330 1385 142 22 connoîtie
481 1384 14 22 à
504 1391 47 17 ses>
557 1382 110 34 peuples
681 1382 70 28 l'état
761 1391 35 15 on
808 1382 48 26 elle
870 1383 119 26 trouyoit
1000 1382 25 26 la
1045 1383 113 26 France.

132 1417 39 25 La
180 1424 78 18 cause
265 1415 47 26 des
319 1424 81 18 maux
407 1416 48 33 qui
465 1416 165 27 accabioieut
643 1421 79 21 notre
742 1415 84 35 patrie
854 1426 15 17 a
891 1415 109 35 disparu
1006 1426 7 21 ;
1032 1417 66 25 mais
1119 1426 41 17 ses

132 1450 73 26 effets
220 1449 145 27 subsistent
376 1457 99 19 encore
487 1459 6 17 :
509 1450 167 33 long-terr.ps
694 1457 112 25 encors,
821 1459 63 17 sous
896 1459 40 17 un
947 1456 213 27 gouvernement

131 1483 47 33 qui
193 1493 34 17 ne
240 1483 155 35 s'occupera
407 1483 60 33 qu'à
482 1486 123 31 réparer,
620 1483 24 26 la
659 1483 237 26 Fiance-souffrira
908 1483 44 25 des
964 1492 80 26 coups
1056 1492 52 25 que
1122 1483 37 26 lui

131 1527 15 14 a
167 1519 91 32 portés
278 1526 39 15 un
334 1521 216 30 gouvernement
567 1517 44 33 qui
630 1526 39 17 aie
689 1515 143 27 travaillait
844 1518 64 32 qu'à
926 1515 128 27 de'truire.
1070 1517 21 25 11
1104 1517 57 26 faut

129 1550 76 26 donc
215 1559 52 25 que
283 1548 25 26 la
322 1551 92 25 nation
429 1550 52 26 soit
488 1550 126 26 instruite
626 1554 28 21 et
669 1548 33 27 de
716 1548 171 27 l'élendue-et
900 1550 32 25 de
946 1548 25 26 la
986 1558 76 22 pause
1074 1550 32 25 de
1120 1560 40 15 ses

129 1584 182 30 souffrances,
331 1592 71 31 pour
412 1584 116 33 pouvoir
539 1584 137 35 apprécier
686 1587 27 21 et
720 1584 132 25 seconder
861 1583 35 26 les
904 1584 77 25 soins
989 1584 45 33 qui
1048 1583 112 28 doivent

122 1617 50 28 .les
181 1617 123 26 adoucir.
320 1617 123 26 Lcicirée
457 1617 67 26 ainsi
539 1626 45 17 sur
598 1618 25 25 la
641 1617 135 34 grandeur
793 1622 26 21 et
831 1617 22 25 la
869 1622 94 20 nature
981 1617 34 25 du
1031 1617 67 32 mal,
1109 1616 48 27 elle

130 1652 96 25 n'aura
239 1651 60 33 qu'à
320 1650 59 35 plus
400 1656 123 30 partager
534 1649 38 28 les
583 1652 111 25 travaux
710 1655 26 21 et
748 1650 39 26 les
797 1651 91 26 efforts
896 1650 39 28 d»
947 1658 51 18 son
1015 1649 52 27 liai
1090 1659 71 25 pour

130 1684 115 27 rétablir
257 1694 31 17 ce
305 1684 65 33 qu'il
385 1685 43 25 n'a
448 1685 77 33 point
542 1684 113 27 détruit,
674 1693 71 26 pour
767 1684 94 33 guérir
876 1683 39 27 les
933 1683 81 35 plaies
1030 1683 65 37 qu'il
1117 1684 43 27 n'a

129 1717 80 35 poiilt
221 1716 90 27 faites.
324 1722 28 21 et
361 1720 111 31 réparer
485 1717 46 26 des
541 1723 67 20 torts
614 1719 48 34 qui
679 1719 35 25 lui
729 1722 63 21 sont
804 1719 145 33 étrangers.

164 1750 38 26 La
221 1761 96 24 guerre
326 1761 15 15 a
352 1753 43 24 été
405 1770 6 9 ,
426 1759 59 18 sans
504 1752 146 37 contredit,
672 1753 22 24 la
710 1750 244 35 principale-cause
973 1750 46 26 des
1032 1759 80 19 maux
1124 1750 34 27 de

117 1785 163 30 JaFrar.ce.
300 1785 139 26 L'histoire
459 1785 118 27 n'offroit
591 1794 99 18 encore
712 1795 87 17 aucun
820 1783 120 34 exemple
963 1785 79 26 d'une
1059 1785 99 34 grande

128 1819 98 27 nation
234 1828 63 15 sans
309 1828 69 17 cesse
393 1819 162 34 précipitée,
573 1825 96 21 contre
677 1828 50 17 son
739 1821 61 32 gré,
817 1818 65 27 dans
893 1820 47 25 des
953 1820 163 33 entreprises
1124 1819 33 26 de

130 1852 60 35 plus
203 1861 35 15 en
254 1852 58 35 plus
324 1852 169 26 hasardeuses
504 1858 27 20 et
543 1853 124 26 funestes.
687 1852 46 27 On
749 1863 15 15 a
781 1863 50 22 vu,
844 1861 65 18 avec
927 1861 38 17 un
981 1856 178 24 étonnement

129 1886 72 26 mêlé
216 1886 32 25 de
259 1890 123 30 terreur,
394 1893 39 19 un
449 1885 96 35 peuple
560 1886 98 27 civilisé
671 1887 149 25 condamné
835 1887 14 25 à
867 1886 135 34 échanger
1015 1896 50 18 son
1085 1887 57 25 bon-

129 1919 73 27 heur
216 1924 26 21 et
250 1929 51 17 son
311 1929 84 24 repos
403 1925 94 21 contre
513 1920 25 25 la
548 1930 9 14 v
565 1919 25 27 le
604 1925 106 21 errante
720 1920 46 26 des
776 1920 107 38 peuples
892 1920 126 26 barbares
1030 1928 6 19 :
1046 1920 37 26 les
1093 1919 66 27 liens

131 1952 47 26 des
185 1952 112 26 familles
309 1958 50 20 ont
372 1955 40 24 été
424 1963 113 24 rompus
544 1963 6 15 :
566 1954 38 26 les
619 1958 77 30 pères
706 1959 47 20 ont
763 1952 80 26 vieilli
855 1952 57 26 loin
921 1954 33 25 de
970 1955 70 24 leurs
1049 1952 106 34 enfarfs,

128 1991 32 21 et
170 1985 39 27 les
224 1987 92 26 enfans
330 1991 61 20 sont
404 1985 63 26 nlle's
480 1987 110 27 mourir
598 1989 18 24 à
633 1993 94 30 quatre
745 1993 73 20 cents
831 1987 81 27 lieues
925 1987 34 26 de
976 1988 71 25 leurs
1061 1991 77 30 pères
1152 1997 7 17 :

124 2029 93 18 -aucun
235 2021 90 34 espoir
338 2020 33 25 de
392 2026 94 20 retour
508 2021 187 28 n'adoucissoit
715 2026 70 21 cette
807 2021 112 26 affreuse
940 2021 165 35 séparation;
1121 2030 46 19 on:

113 2053 5 37 .
128 2054 89 26 s'étoit
226 2056 158 24 accoutumé
396 2055 15 24 à
424 2053 26 26 la
461 2055 126 34 regarder
596 2060 109 22 comme
713 2054 143 27 inévitable
866 2074 6 11 ,
891 2063 105 18 comme
1010 2056 130 26 éternelle
1149 2066 7 21 ;

130 2093 28 20 et
169 2098 37 15 on
223 2098 14 15 a
254 2098 34 17 vu
311 2088 47 26 des
376 2096 113 26 paysans
503 2088 224 34 bretons,-après
750 2089 74 25 avoir
839 2088 112 26 conduit
976 2089 71 26 leurs
1065 2089 93 26 enfans

115 2121 2 35 .
131 2121 123 34 jusqu'au
269 2121 54 26 lieu
343 2122 35 25 du
394 2122 111 33 départ,
522 2122 110 26 revenir
650 2122 65 26 dans
728 2121 98 34 l'église
839 2122 32 26 de
886 2122 59 26 leur
956 2122 130 34 paroisse,
1101 2122 57 26 dire
1166 2121 5 35 -

126 2154 128 26 d'avance
266 2154 39 26 les
318 2156 103 37 prières
437 2154 46 27 des
496 2161 94 20 morts.

162 2189 25 27 11
209 2193 39 21 est
267 2189 152 35 impossible
441 2189 132 27 d'évaluer
592 2190 162 34 l'effroyable
778 2190 210 26 consommation
1010 2189 148 28 d'hommes

129 2224 64 33 qu'a
206 2222 63 27 faite
282 2222 25 30 le
322 2222 109 27 dernier
446 2228 211 31 gouvernement
669 2222 5 37 ;
693 2226 35 24 les
748 2224 110 34 fatigues
880 2229 26 20 et
928 2224 35 26 les
985 2225 125 26 maladies
1124 2235 33 18 en

128 2261 50 21 ont
193 2257 91 26 enlevé
306 2262 93 21 autant
419 2265 51 26 que
487 2256 22 27 la
531 2265 97 26 guerre
639 2267 7 17 :
661 2257 34 27 les
709 2257 162 35 entreprises
883 2258 132 26 étoientsi
1032 2264 83 21 vastes
1130 2265 27 21 et

128 2290 22 25 si
175 2289 125 35 rapides,
320 2298 52 26 que
392 2295 59 22 tout
470 2290 65 27 éioit
560 2291 104 26 sacrifié
684 2301 35 18 au
733 2291 70 33 désip
819 2291 69 28 d'en,
896 2301 104 19 assurer
1015 2291 22 26 le
1054 2296 116 28 succès;!,

126 2323 79 26 nulle
217 2323 138 34 régularité
371 2323 65 27 dans
454 2323 26 27 le
494 2324 98 26 service
607 2324 46 26 des
667 2324 143 35 liôpilaux,
830 2324 64 26 dans
917 2324 227 35 l'approvisionne-

126 2362 79 21 ment
227 2356 46 27 des
296 2357 169 27 ambulances
480 2367 7 17 :
503 2365 43 20 ces
566 2359 97 33 graves
681 2357 97 27 soldats
796 2359 66 26 dont
878 2359 24 26 la
924 2360 94 25 valeur
1033 2359 85 26 faiscit
1133 2360 25 26 la

126 2389 89 37 gloire
233 2389 34 28 de
282 2389 24 27 la
321 2391 103 27 France
436 2411 7 12 ,
467 2391 46 33 qui
528 2391 149 27 donnoient
691 2402 59 17 sans
769 2402 69 17 cesse
852 2392 32 26 de
898 2393 138 26 nouvelles
1045 2402 112 25 preuves

125 2426 35 25 de
185 2425 59 26 leur
260 2425 110 35 énergie
385 2428 26 22 et
428 2420 107 34 de.'leur
557 2426 139 34 patience,
716 2426 45 34 qui
776 2427 241 26 soutenoientavec
1030 2432 57 21 tant
1098 2428 45 26 d'é-

126 2458 53 31 çlat
193 2457 144 28 l'honneur
352 2458 132 33 national,
498 2469 26 17 se
544 2460 126 34 Voyaient
681 2460 120 27 délaissés
821 2460 66 26 dans
900 2461 71 26 leurs
981 2461 170 31 souffrances,
1162 2454 5 40 '

126 2496 27 22 et
163 2491 81 27 livrés
254 2502 58 18 sans
325 2500 107 20 secours
446 2494 13 24 à
476 2493 45 26 des
536 2502 77 18 maux
630 2493 77 34 qu'ils
720 2504 33 17 ne
770 2504 51 24 pou
826 2493 89 27 voient
931 2493 223 37 plus-supporter.

123 2524 39 28 La
177 2525 80 27 bonté
272 2525 130 35 française
415 2526 66 26 éioit
496 2524 165 32 insuffisante
674 2538 66 24 pour
751 2528 124 34 suppléer
888 2530 13 22 à
922 2533 66 20 cette
1002 2528 155 35 négligence

123 2558 117 33 cruelle,
262 2565 28 20 et
312 2559 47 26 des
376 2559 85 26 levées
483 2559 149 28 d'hommes
656 2562 45 33 qui
726 2562 126 26 autrefois
868 2562 126 27 auraient
1013 2562 85 27 formé
1120 2563 37 26 de

125 2591 113 37 grandes
248 2596 102 22 armées
363 2611 6 8 ,
389 2591 213 35 disparoissoient
611 2594 65 28 ainsi
690 2604 58 17 sans
761 2595 117 34 prendre
891 2600 60 30 part
961 2606 50 17 aux
1025 2596 128 26 combats.

100 2623 1 38 -
125 2623 46 28 l)e
187 2624 38 34 là,
239 2626 26 27 la
278 2627 124 27 nécessité
419 2627 34 25 de
468 2627 148 34 multiplier
630 2628 26 26 le
669 2629 116 26 nombre
798 2631 32 24 de
844 2637 43 18 ces
901 2629 85 27 levées
998 2648 6 13 ,
1023 2628 32 27 de
1080 2640 58 17 rem-

125 2659 90 35 placer
229 2669 60 17 sans
308 2669 70 17 cesse
403 2670 47 25 par
471 2660 46 26 des
540 2663 103 25 armées
665 2662 99 26 nouvel
777 2672 43 21 es,
839 2663 47 25 des
911 2666 104 24 armées
1039 2673 116 25 presque

124 2692 150 32 anéanties;
291 2693 72 27 l'étjt
376 2693 45 26 des
433 2694 90 34 appels
536 2695 135 27 ordonnés
681 2694 94 35 depuis
790 2696 22 26 la
828 2696 37 26 fin
879 2696 33 26 de
925 2696 26 26 la
961 2706 144 25 campagne
1122 2698 33 25 de

122 2724 97 30 Russie
236 2731 39 22 est
292 2726 44 27 efli
343 2732 78 30 ayant
433 2737 7 19 ;

1019 2761 132 30 hommes.

159 2802 28 19 n
202 2793 104 34 janvier
318 2793 69 33 ;Bi3
981 2817 7 6 .
1007 2797 116 34 550,000

155 2826 19 26 3
185 2828 65 26 avril
265 2848 6 12 ,
292 2826 265 35 gardes-d'honneur
1030 2839 93 25 lo,«oo

154 2861 124 27 Premier
291 2863 52 26 ban
354 2862 34 26 de
402 2863 92 33 gardes
513 2863 155 27 nationales.
1023 2865 99 33 80,000

159 2895 103 26 Gardes
278 2895 146 28 nationales
442 2904 71 26 pour
527 2897 138 27 les-côtes.
980 2921 8 7 ,
1024 2908 98 25 <50,000

154 2928 37 34 2,j
200 2930 84 30 août,
304 2931 90 25 armée
407 2929 150 34 d'Espagne
1024 2935 97 31 do,ooo

155 2970 19 26 9
185 2962 110 26 octobre
309 2982 6 7 ,
330 2962 182 34 conscription
522 2963 32 26 de
572 2963 65 34 1814
652 2968 27 24 et
692 2965 176 28 antérieures.
889 2986 7 8 .
933 2986 6 5 .
980 2962 5 37 .
1009 2975 113 24 120,000

157 2995 190 34 Conscriplion
361 2996 33 26 de
415 2996 72 26 1815.
669 3017 6 6 .
715 3018 6 7 .
759 3018 7 7 .
802 3020 7 6 .
846 3018 8 13 ,
889 3018 7 7 .
933 3019 6 6 .
981 3017 7 8 .
1010 2999 111 31 160,000

158 3028 31 30 ?5
204 3030 145 26 novembre
363 3050 6 12 ,
389 3031 90 33 rappel
501 3030 32 26 de
544 3031 52 27 l'an
612 3041 30 19 it
658 3033 14 24 à
687 3033 79 33 18143
800 3052 9 9 .
847 3054 6 7 .
891 3053 8 7 .
937 3053 6 5 .
981 3053 7 7 .
1004 3033 117 34 300,000

154 3061 115 26 Janvier
285 3063 65 28 1813
363 3081 9 12 ,
397 3065 69 25 offre
477 3064 35 26 de
528 3065 126 26 cavaliers
672 3066 133 34 équipés..
843 3087 7 6 .
892 3086 8 6 .
938 3087 7 6 .
980 3087 6 5 .
1025 3076 96 27 17,000

155 3094 83 35 iBi4>
247 3094 90 28 levées
345 3106 37 15 en
394 3106 84 18 masse
493 3099 150 33 organisées
659 3118 7 6 .
706 3118 145 11 ....
887 3119 96 7 ...
1007 3102 112 32 140,000

978 3169 141 31 i,300,000

151 3195 222 30 Heureusement
393 3208 43 18 ces
461 3198 136 28 dernières
615 3198 86 30 levées
716 3202 77 26 n'ont
807 3211 37 26 pu
865 3201 57 27 être
943 3202 210 35 complètement

107 3234 146 24 -exécutées
263 3242 7 21 ;
291 3231 25 27 la
327 3242 97 24 guerre
446 3234 41 25 n'a
504 3243 45 25 pas
563 3243 33 18 eu
617 3234 24 27 le
658 3239 89 31 temps
765 3236 33 27 de
817 3236 172 27 moissonner
1007 3241 60 21 tous
1087 3247 65 17 ceux

117 3265 46 34 qqi
185 3265 106 26 avoient
304 3267 106 33 rejoint
426 3266 72 26 leurs
510 3267 132 35 drapeaux
654 3279 8 20 ;
681 3269 72 27 mais
767 3279 30 17 ce
807 3270 58 25 seul
876 3269 152 35 exposéldes
1037 3270 102 33 rëquisi-

117 3298 200 28 tionsexercées
326 3309 48 15 sur
385 3299 24 26 la
422 3300 172 34 population,
619 3301 67 27 dans
699 3312 37 17 un
748 3302 143 27 intervalle
902 3307 33 21 de
945 3302 61 34 ï4'à
1023 3302 31 26 *-5
1065 3304 86 33 mois,

115 3330 74 27 suffit
203 3341 70 25 pour
285 3332 257 35 fairelComprendiê
565 3345 30 17 ce
612 3337 96 32 qu'ont
715 3335 40 27 dû
767 3339 73 27 être,
867 3335 93 35 depuis
971 3346 33 18 aa
1022 3345 69 26 ans,
1115 3338 38 27 les

116 3370 87 30 pertes
213 3365 33 27 de
261 3366 24 26 la
296 3367 103 26 nation.
836 3365 2 34 .
862 3380 8 12 r

149 3398 136 28 Plusieurs
301 3409 91 18 causes
405 3402 196 30 concouraient
620 3403 154 34 cependant
787 3404 18 26 à
816 3406 113 32 réparer
940 3413 41 18 ces
996 3409 87 31 pertes
1096 3413 7 17 :
1128 3405 24 27 le

113 3437 57 21 sort
180 3433 44 26 des
235 3433 123 31 babitans
373 3433 46 26 des
432 3444 158 26 campagnes
604 3436 130 27 amélioré
748 3446 48 26 par
810 3437 24 25 la
852 3438 117 26 divisfon
981 3439 46 26 des
1033 3439 119 33 (grandes

113 3465 171 35 propriétés,
307 3464 111 41 l'égalité
433 3468 34 26 de
483 3474 107 31 partage
602 3469 66 28 dans
683 3472 37 24 les
733 3471 161 27 successions
905 3484 7 20 ;
941 3477 26 21 et
981 3472 24 26 la
1020 3481 116 26 propaga-

113 3500 59 25 tion
185 3498 32 26 de
236 3500 22 26 la
275 3510 124 24 vaccine,
425 3508 48 24 ont
488 3504 43 25 été
541 3513 63 18 sans
619 3504 83 27 doute
720 3503 38 33 i-ys
772 3504 58 35 plus
843 3504 152 35 puissantes.
1011 3504 71 27 Clest
1098 3507 53 26 àla

113 3533 96 27 faveur
222 3533 32 27 de
269 3543 43 17 ces
325 3543 107 26 causes,
455 3542 26 20 et
496 3546 34 17 en
543 3540 142 31 exagérant
698 3537 71 27 leurs
781 3539 90 34 effets,
895 3540 83 34 qu'on
990 3548 15 18 a
1018 3543 86 26 essayé
1119 3541 33 25 de

102 3572 136 31 .•tromper
254 3567 24 27 la
302 3569 93 26 nation
411 3580 47 17 sur
478 3570 132 26 l'étendue
626 3570 34 27 de
673 3581 40 17 ses
726 3570 131 31 sacrifices
870 3582 7 17 :
906 3573 60 34 plus
984 3575 168 27 on.enlovoit

115 3599 14 27 d
142 3598 123 31 hommes
279 3604 12 25 à
306 3602 22 27 la
348 3602 116 31 france,
493 3604 58 34 plus
575 3615 37 15 on
633 3606 146 33 s'etforçoit
802 3606 35 26 de
854 3606 38 27 lui
914 3617 119 25 prouver
1054 3609 98 32 qu'elle

106 3635 117 33 .pouvoit
234 3635 167 35 amplement
415 3637 90 27 suffire
520 3640 15 22 à
547 3643 69 25 cette
630 3639 144 28 effroyable
785 3639 183 33 destruction.;
983 3641 69 26 mais
1058 3643 93 33 quand

100 3665 48 38 .I<fî
161 3669 123 28 tableaux
298 3671 84 32 qu'on
394 3671 39 26 fui
450 3673 148 30 présentoit
612 3678 107 21 eussent
730 3674 41 26 été
785 3679 103 24 exacts,
911 3674 19 26 il
943 3685 35 17 en
992 3674 86 28 serait
1089 3685 60 18 seu-

1211 1350 100 26 lemcnt
1324 1350 98 26 résulté
1436 1356 53 27 que
1508 1349 25 26 le
1557 1349 115 26 nombre
1694 1349 45 26 des
1759 1346 149 28 naissances
1920 1345 92 28 devoit
2024 1346 66 27 faire
2106 1346 61 27 voir
2178 1354 64 21 avec

1209 1383 177 26 indifférence
1400 1382 24 26 le
1436 1382 116 26 nombre
1563 1382 46 26 des
1618 1388 96 20 morts.

1246 1417 48 26 On
1307 1426 15 15 a
1335 1419 41 24 été'
1387 1416 58 33 plus
1460 1415 56 26 loin
1532 1421 7 21 i
1559 1426 37 15 on
1609 1426 15 15 a
1637 1416 83 26 voulu
1733 1415 60 27 voir
1806 1415 64 27 dans
1880 1415 24 26 la
1920 1415 183 34 conscription
2117 1417 87 24 mctae
2217 1414 24 27 la

1211 1460 93 15 source
1317 1449 64 27 d'un
1391 1448 204 28 accroissement
1607 1449 34 26 de
1656 1448 156 35 population
1822 1460 8 21 ;
1846 1456 97 19 source
1951 1449 106 34 impure
2068 1449 45 33 qui
2125 1459 13 14 a
2147 1447 79 27 intro-

1211 1482 58 27 duit
1280 1483 24 26 le
1312 1482 128 31 désordre
1457 1488 27 20 et
1500 1482 180 27 l'immoralité
1691 1483 65 26 dans
1768 1483 38 25 les
1817 1482 129 34 mariages
1958 1482 107 26 conclus
2075 1492 64 17 avec
2148 1481 77 37 préci-

1211 1517 111 35 pitation
1336 1521 27 21 et
1375 1515 175 37 imprudence
1560 1526 7 17 :
1579 1515 34 26 de
1636 1517 25 26 là
1682 1526 54 17 une
1757 1517 73 26 foule
1847 1517 33 25 de
1898 1519 125 32 ménages
2041 1515 177 27 malheureux
2230 1533 8 14 ,

1208 1551 130 26 d'unions
1350 1550 124 33 ridicqles
1492 1559 37 18 ou
1546 1550 155 27 indécentes
1713 1558 6 17 :
1736 1559 37 17 on
1787 1559 15 15 a
1817 1558 35 19 vu
1876 1552 87 24 intime
1989 1551 46 26 des
2057 1551 125 25 hommes
2203 1546 38 30 du

1211 1584 112 34 peuple,
1337 1584 104 26 bientôt
1454 1583 78 27 lassés
1544 1584 67 26 d'un
1625 1585 53 25 état
1688 1583 77 34 qu'ils
1775 1584 137 26 n'avoient
1925 1584 132 26 embrassé
2069 1592 52 25 que
2133 1591 70 26 pour
2213 1589 28 20 Se

1209 1618 143 25 Soustraire
1367 1619 14 24 à
1393 1617 22 26 la
1429 1617 182 34 conscription
1620 1616 5 35 •
1644 1625 27 18 se
1685 1617 97 33 rejeter
1800 1617 102 26 ensuite
1913 1616 64 27 dans
1994 1617 35 26 les
2041 1616 111 34 dangers
2164 1616 77 34 qu'ils

1209 1650 107 26 croient
1330 1650 80 31 voulu
1422 1650 102 32 éviter,
1539 1655 26 21 et
1576 1650 98 26 s'offrir
1693 1659 107 17 comme
1817 1650 167 35 remplaçant
1997 1659 70 30 pour
2080 1650 122 26 sortirae
2217 1650 24 26 la

1209 1685 98 26 misère
1333 1684 76 34 qu'ils
1434 1683 138 26 n'avoient
1591 1694 46 25 pas
1656 1687 117 34 prévue,
1796 1694 37 15 ou
1853 1694 110 26 rompre
1989 1683 46 26 des
2056 1683 67 28 liens
2146 1684 19 26 si
2185 1683 57 27 mal

1194 1719 4 28 '
1209 1719 116 26 assortis:
2217 1719 5 28 .

1246 1752 148 27 Comment
1404 1753 119 25 n'a-t-on
1535 1761 45 26 pas
1592 1752 110 26 réfléchi
1715 1750 136 28 d'ailleurs
1861 1761 51 26 que
1924 1749 22 28 si
1961 1752 25 26 la
1997 1749 196 37 conscription,
2204 1760 38 19 en

1209 1786 163 33 multipliant
1384 1795 44 17 ces
1441 1786 129 33 mariages
1583 1785 181 40 déplorables.
1787 1786 71 26 avoit
1872 1795 35 25 pu
1929 1788 131 25 accroître
2076 1785 24 26 le
2125 1786 116 27 nombre

1209 1819 45 26 des
1271 1819 162 33 naissances,
1457 1819 50 26 elle
1525 1819 116 26 ënlevojt
1655 1819 203 28 annuellement
1869 1819 51 26 àla
1943 1819 105 28 France
2065 1827 54 18 une
2140 1818 100 35 grande

1209 1852 81 34 partie
1304 1852 33 26 de
1356 1863 43 15 ces
1415 1853 124 25 hommes
1554 1852 59 34 déjà
1630 1852 104 26 formés
1748 1852 45 37 qui
1807 1852 163 27 constituent
1985 1853 24 26 la
2023 1852 129 27 véritable
2166 1852 74 27 force

1207 1886 80 26 d'une
1307 1885 92 27 nation
1415 1886 12 25 ?
1446 1889 48 22 Les
1509 1885 57 26 faits
1589 1891 136 30 prouvent
1740 1886 182 27 évidemment
1943 1896 53 17 une
2011 1889 185 32 conséquence
2216 1885 26 27 si

1209 1919 130 26 naturelle
1355 1929 6 17 :
1372 1918 25 27 la
1408 1919 157 35 population
1578 1920 163 26 au-dessous
1754 1919 33 30 de
1795 1920 76 35 vingt
1884 1930 46 17 uns
1939 1920 59 26 s'est
2009 1928 96 19 accrue
2117 1930 7 21 ;
2137 1919 105 32 au-dçià

1208 1954 32 25 de
1256 1958 66 21 cette
1339 1954 83 26 limite
1434 1974 7 12 ,
1456 1954 24 26 la
1491 1954 165 28 diminution
1675 1958 39 21 est
1728 1954 167 38 prodigieuse
1910 1958 26 21 et
1950 1954 203 28 incontestable.

1246 1987 91 33 Ainsi,
1349 1988 86 27 tandis
1448 1996 53 25 que
1513 1988 26 26 le
1551 1993 214 28 gouvernement
1775 1988 130 33 attaquait
1917 1988 37 26 les
1965 1996 109 20 sources
2085 1987 32 32 de
2128 1988 24 26 la
2165 1995 61 33 pros-

1207 2021 84 34 périté
1307 2021 149 33 nationale,
1470 2021 20 26 il
1508 2021 92 26 éfaloit
1618 2028 64 19 avec
1697 2022 103 33 orgueil
1817 2021 38 26 les
1867 2027 83 20 restes
2094 2021 148 37 prospérité

1207 2054 46 35 qui
1272 2063 33 19 ne
1323 2054 131 27 cëssoient
1474 2054 32 26 de
1521 2054 83 26 lutter
1617 2057 93 22 contré
1731 2065 43 15 ces
1793 2054 89 26 fatales
1904 2065 137 21 mesures;
2065 2054 18 27 il
2104 2054 137 28 cherehoit

1207 2091 15 22 à
1235 2088 122 34 déguiser
1376 2087 25 26 le
1424 2087 53 26 mal
1496 2088 65 34 qu'il
1578 2087 86 27 faisait
1676 2099 64 15 sous
1760 2089 24 24 le
1796 2088 63 28 bien
1877 2088 45 35 qui
1937 2099 26 15 se
1976 2088 137 27 soutenoit
2126 2095 113 25 encore,

1208 2127 27 20 et
1247 2121 67 27 dont
1324 2122 24 26 il
1361 2121 93 27 n'étoil
1467 2131 46 25 pas
1525 2122 124 25 l'auteur.
1678 2122 102 26 Maître
1793 2121 66 27 d'un
1873 2132 61 25 pays
1945 2124 37 25 où
1996 2122 33 25 de
2044 2120 76 37 longs

1207 2157 109 25 avoient
1329 2158 98 24 amassé
1441 2156 33 25 de
1489 2156 112 38 grandes
1616 2156 141 33 richesses,
1779 2158 38 25 où
1837 2157 24 28 la
1879 2156 156 27 civilisation
2053 2157 72 25 avoit
2139 2157 46 26 fait
2204 2157 43 25 les.'

1207 2190 58 34 plus
1281 2190 118 26 heureux
1420 2192 111 31 progrès
1541 2210 6 13 ,
1572 2191 37 24 où
1619 2189 150 27 l'industrie
1792 2194 27 21 et
1839 2190 22 28 Je
1884 2198 152 18 commerce
2050 2190 109 26 avoient
2169 2191 54 33 pris
2232 2210 6 7 .

1207 2223 92 40 depuis
1315 2223 118 27 soixante
1450 2233 63 22 ans,
1532 2233 40 17 un
1589 2231 73 19 essor
1680 2223 171 40 prodigieux,
1872 2223 18 26 il
1907 2223 152 35 s'emparoit
2074 2223 33 26 de
2121 2228 60 35 tops
2198 2232 44 18 ces

1206 2257 79 27 fruits
1298 2256 32 27 de
1339 2256 129 26 l'activité
1480 2256 33 26 de
1534 2262 58 20 tant
1605 2256 32 26 de
1651 2258 184 32 générations,
1846 2262 27 20 et
1887 2256 34 26 de
1938 2257 176 34 l'expérience
2130 2256 33 26 de
2184 2262 59 20 tant

1207 2290 32 26 de
1256 2290 105 33 siècles,
1376 2291 85 25 tantôt
1481 2301 71 25 pour
1569 2290 37 26 les
1624 2290 65 26 faire
1709 2291 87 25 servir
1806 2291 14 24 à
1832 2301 39 17 ses
1884 2290 117 26 funestes
2014 2289 128 34 desseins,
2156 2293 87 25 tantôt

1208 2334 70 25 pour
1290 2324 98 26 cacher
1398 2324 37 25 les
1444 2324 87 25 tristes
1541 2323 74 26 effets
1625 2323 32 26 de
1670 2334 51 17 son
1730 2324 144 26 influence.
1887 2324 37 25 Le
1937 2324 94 35 simple
2043 2328 96 32 exposé
2150 2324 32 26 de
2193 2324 37 26 l'é-

1207 2362 38 21 tat
1257 2357 84 26 actuel
1352 2357 35 26 du
1401 2367 125 26 royaume
1540 2362 138 21 montrera
1694 2362 197 25 constamment
1907 2357 22 25 la
1943 2359 146 34 prospérité
2106 2357 136 28 nationale

1207 2392 97 26 luttant
1324 2396 92 21 contre
1439 2401 37 17 un
1500 2392 118 34 principe
1628 2392 178 31 destructeur,
1824 2401 60 17 sans
1898 2400 70 18 cesse
1978 2395 137 31 attaquée,
2127 2398 115 21 souvent

1207 2425 110 27 atteinte
1335 2426 33 26 de
1388 2434 81 24 coups
1482 2426 141 32 terribles,
1645 2431 27 21 et
1694 2426 105 34 puisant
1819 2426 123 34 toujours
1963 2434 34 18 en
2017 2418 159 34 elle-même
2197 2426 45 26 des

1206 2466 150 19 ressources
1369 2458 188 28 insuffisantes.

1557 2518 137 26 Ministère
1702 2519 33 25 de
1742 2519 19 26 F
1762 2520 129 25 intérieur.

1241 2564 197 35 L'agriculture
1447 2575 14 15 a
1467 2563 46 27 fait
1525 2575 34 17 en
1569 2564 105 27 Francc
1682 2564 46 27 des
1740 2569 109 35 progrès
1857 2565 67 27 réels
1937 2576 6 20 ;
1957 2576 45 17 ces
2014 2565 111 37 progrès
2132 2564 111 37 avoiçnt

1206 2602 157 24 commencé
1378 2600 168 34 long-temps
1557 2604 79 20 avant
1648 2598 22 26 la
1683 2598 152 26 révolution
1848 2608 7 18 :
1871 2600 92 34 depuis
1977 2606 69 21 cette
2060 2601 104 33 époque
2180 2617 6 11 ,
2207 2600 33 25 de

1206 2633 138 26 nouvelles
1364 2641 90 19 causes
1467 2641 34 17 en
1514 2637 50 20 ont
1585 2634 117 26 accéléré
1717 2634 24 25 la
1759 2633 126 34 marche,
1904 2639 26 20 et
1951 2643 44 17 ces
2014 2642 90 18 causes
2118 2633 124 27 auroieut

1206 2665 110 35 produit
1331 2666 46 27 des
1400 2666 74 26 effets
1495 2666 64 26 bien
1577 2666 59 34 plus
1654 2666 165 37 importâris,
1840 2667 21 26 si
1881 2667 46 26 des
1948 2670 164 22 événemens
2125 2667 116 26 funestes

1206 2700 64 25 n'en
1281 2699 107 26 avoient
1406 2699 100 27 détruit
1517 2709 35 17 ou
1566 2698 122 28 diminué
1703 2700 162 27 l'influence.

1243 2732 35 26 La
1294 2733 175 33 propagation
1486 2732 45 27 des
1544 2733 110 25 bonnes
1825 2734 33 25 de
1879 2733 104 27 culture
2006 2744 48 26 par
2073 2733 37 27 les
2131 2733 112 28 sociétés

1206 2771 132 27 savantes;
1350 2766 26 26 la
1395 2765 137 27 résidence
1556 2766 80 26 d'une
1656 2766 72 27 foule
1743 2767 31 26 de
1789 2767 87 27 riches
1891 2769 189 35 propriétaires
2093 2771 13 22 à
2126 2767 22 26 la
2166 2778 57 15 cam-

1206 2809 84 31 pagne
1298 2819 7 13 ,
1322 2799 70 27 leurs
1407 2799 91 33 essais,
1515 2800 70 26 leurs
1599 2800 185 33 instructions,
1802 2802 70 27 leurs
1887 2803 148 34 exemples;
2049 2802 73 26 enfin
2134 2800 24 27 la
2170 2804 59 24 créa-

1202 2835 61 25 tion
1343 2832 85 27 écoles
1449 2835 174 26 vétérinaires
1639 2835 46 34 qui
1702 2839 48 21 ont
1768 2836 89 33 appris
1870 2837 15 24 à
1900 2838 141 31 préserver
2059 2837 38 25 les
2114 2835 128 27 animaux

1204 2867 183 35 domestiques
1409 2867 35 27 du
1470 2868 115 30 désastre
1599 2868 45 26 des
1654 2868 144 35 épizooties
1808 2888 7 14 ,
1832 2869 156 27 ainenoient
2001 2869 66 26 dans
2078 2869 37 26 les
2126 2869 115 26 diverses

1204 2901 133 27 branches
1354 2902 33 25 de
1402 2901 161 28 l'économie
1584 2902 87 27 rurale
1687 2902 35 26 les
1736 2902 59 34 plus
1813 2902 120 26 heureux
1951 2903 123 26 résultats
2087 2914 6 20 ;
2117 2902 66 30 mais
2204 2903 38 26 les

1206 2944 106 17 erreurs
1324 2940 28 20 et
1365 2934 37 27 les
1415 2935 84 26 fautes
1512 2934 34 26 du
1565 2940 214 30 gouvernement
1792 2935 169 37 apportaient
1970 2946 35 17 au
2016 2935 224 38 développement

1206 2969 33 25 de
1256 2978 43 18 ces
1313 2978 93 19 causes
1422 2968 31 26 de
1470 2968 152 26 continuels
1633 2969 138 26 obstacles.

1240 3002 37 26 Le
1291 3006 115 32 système
1426 3002 167 26 continental
1611 3013 14 14 a
1642 3006 77 24 causé
1736 3013 51 15 aux
1800 3004 189 35 propriétaires
1997 3004 35 26 de
2046 3004 137 35 vignobles
2194 3004 46 27 des

1206 3040 85 30 pertes
1306 3039 125 26 énormes
1448 3035 5 37 :
1467 3035 66 27 dans
1546 3035 25 26 le
1581 3037 66 26 midi
1658 3037 32 25 de
1707 3037 24 26 la
1747 3037 119 28 France,
1884 3038 138 34 beaucoup
2041 3038 32 26 de
2087 3039 90 33 vignes
2191 3039 51 26 snt

1259 3071 139 25 arrachées
1409 3076 56 25 ;et
1475 3070 25 26 le
1513 3071 46 25 bas
1580 3070 58 34 prix
1650 3066 46 31 des
1708 3071 59 26 vins
1778 3076 26 21 et
1820 3071 45 26 des
1879 3071 171 26 eaux-de-vie
2066 3083 14 14 a
2095 3071 129 39 générale-

1204 3109 77 20 ment
1290 3103 154 35 découragé
1456 3110 31 20 Ce
1500 3113 84 25 genre
1596 3104 33 26 de
1644 3104 112 26 culture.
2245 3103 1 35 -

1240 3137 38 26 Isa
1306 3137 84 26 ferme
1422 3137 209 34 expérimentale
1656 3137 33 26 de
1710 3137 182 27 Rambouillet
1906 3157 6 11 ,
1943 3142 79 24 créée
2042 3139 52 25 en*
2106 3138 67 33 1786-
2192 3149 50 25 par

1206 3170 80 26 Louis
1298 3170 84 32 XVI,
1397 3171 72 25 avoit
1482 3175 158 22 commencé
1657 3171 203 28 l'introduction
1877 3171 45 27 des
1936 3174 120 25 mérinos
2066 3182 34 17 en
2113 3168 104 32 France
2230 3185 7 21 ;

1206 3214 35 17 un
1261 3204 83 33 grand
1370 3204 115 26 nombre
1511 3206 32 25 de
1566 3206 190 34 propriétaires
1780 3207 107 27 avoient
1906 3206 89 27 formé
2020 3206 45 26 des
2080 3208 162 33 entreprises

1204 3237 158 27 semblables
1370 3247 7 14 :
1395 3248 33 15 en
1446 3247 65 27 1799
1521 3240 44 26 fût
1578 3241 78 25 créée
1671 3240 24 26 la
1707 3240 86 26 ferme
1809 3240 32 26 de
1856 3240 167 34 Perpignan,
2041 3249 52 25 que
2108 3240 135 31 suivirent

1205 3272 129 34 quelques
1346 3275 100 24 années
1455 3280 77 27 après
1541 3279 58 28 sept
1609 3273 198 27 établissemens
1819 3273 35 27 du
1865 3278 91 22 même
1967 3281 93 26 genre.
2075 3274 37 26 Le
2125 3276 116 25 nombre

1204 3308 45 22 des
1261 3306 122 28 mérinos
1391 3306 74 26 allait
1478 3306 132 26 croissant
1620 3315 7 24 ;
1650 3317 51 15 nos
1720 3317 74 17 races
1813 3306 213 28 s'amélioroîent
2037 3307 102 35 chaque
2158 3308 65 35 jour
2231 3320 8 21 ;

1200 3339 70 26 ■mais
1286 3339 22 26 le
1333 3339 65 26 chef
1413 3339 39 39 _da
1468 3345 229 30 gouvernement,
1717 3341 46 34 qui
1780 3341 90 26 auroit
1885 3341 85 26 voulu
1991 3346 148 25 soumettre
2159 3345 15 24 à
2190 3352 52 19 son

1204 3372 122 33 inquiète
1332 3405 6 6 _
1344 3381 46 17 «in
1394 3372 26 26 té
1422 3371 58 28 lion
1500 3373 24 25 la
1546 3373 110 26 marche
1674 3373 34 26 de
1728 3377 24 24 la
1767 3379 94 22 nature
1872 3394 7 13 ,
1904 3384 26 17 se
1946 3376 133 34 persuada
2102 3384 51 26 que
2172 3381 70 22 cette

1202 3405 176 27 amélioi'lioti
1389 3407 96 25 n'était
1499 3407 27 26 ni
1538 3417 70 17 assez
1618 3407 118 26 étendue
1750 3409 30 26 ni
1798 3418 69 17 assez
1883 3409 93 34 rapide
1984 3418 6 18 :
2013 3419 38 19 un
2065 3410 92 26 décret
2172 3410 37 27 du
2224 3411 17 26 8

1204 3450 72 15 mars
1291 3442 59 24 1811
1362 3439 123 27 ordonna
1495 3441 24 26 la
1532 3441 119 27 création
1659 3442 34 25 de
1701 3443 66 33 cinq
1778 3442 172 35 centsdépôts
1959 3443 33 26 de
1998 3443 100 26 béliers
2108 3444 130 34 mérinos,

1204 3474 34 25 de
1247 3475 70 25 deux
1326 3480 77 21 cents
1414 3475 103 27 béliers
1526 3475 107 27 chacun
1646 3495 7 13 ,
1676 3481 25 20 et
1715 3476 117 33 assujéfit
1846 3477 37 25 les
1903 3477 190 33 propriétaires
2109 3477 35 26 de
2159 3482 66 25 trou-

1204 3516 83 26 peaux
1298 3508 189 34 pui'.iicuiiersà
1498 3517 54 17 une
1559 3508 150 35 inspection
1721 3509 208 35 insupportable.
1943 3509 174 37 Découragés
2125 3521 47 26 par
2184 3517 58 22 tant

1204 3541 191 33 d'injonctions
1409 3547 26 20 et
1447 3541 33 26 de
1492 3541 119 28 défenses
1622 3562 8 12 ,
1650 3542 97 27 blessés
1759 3543 33 25 de
1802 3549 69 21 cette
1884 3544 175 27 surveillance
2074 3547 165 26 continuelle

1204 3575 45 34 qui
1261 3576 35 24 les
1306 3576 99 33 -génoit
1415 3575 66 26 dans
1493 3576 71 26 leurs
1578 3576 104 26 affaires
1695 3582 25 20 et
1734 3576 65 27 dans
1813 3579 24 25 le
1846 3578 59 27 soin
1917 3578 34 27 de
1965 3579 72 27 leurs
2054 3580 112 27 intérêts
2177 3600 7 13 ,
2204 3580 37 26 les

1205 3607 188 37 propriétaires
1409 3613 185 24 renoncèrent
1611 3611 104 26 bientôt
1728 3613 14 24 à
1761 3612 72 27 leurs
1847 3613 150 33 bergeries;
2011 3613 24 26 la
2048 3622 78 24 race,
2140 3625 34 15 au
2185 3613 57 30 lieu

1200 3644 35 25 de
1253 3643 169 28 s'améliorer
1439 3645 60 33 plus
1517 3645 188 33 rapidement,
1723 3654 35 17 ne
1779 3646 74 25 tarda
1872 3654 45 26 pas
1937 3648 13 24 à
1968 3657 28 15 se
2010 3647 151 27 détériorer
2172 3658 7 22 ;
2204 3648 37 31 Içs

1202 3677 128 34 dépenses
1339 3677 37 26 de
1389 3678 24 25 la
1423 3686 96 25 guerre
1531 3678 104 26 mirent
1643 3678 22 26 le
1676 3685 215 30 gouvernement
1899 3679 65 28 hors
1972 3680 118 28 d'étatde
2100 3691 143 26 consacrer
