2405 4033
174 120 52 31 ÏCçs
235 119 209 37 jfrs;mV.tnnaux
459 119 112 27 ext'eulc&
583 128 14 15 a
609 115 221 39 Clierl.6arg.avcc
842 120 53 21 lant
917 115 30 26 de
958 116 96 30 succès,
1070 115 22 25 la
1103 115 66 26 belle

136 157 99 24 escadre
259 155 28 25 de
308 155 113 28 Toulon,
441 155 144 34 présentent
604 151 66 26 seuls
687 151 43 25 des
748 151 112 25 résultats
883 149 92 32 ulUts;
999 148 117 32 ailleurs,
1139 158 33 15 on

137 189 145 35 «Aperçoit
292 197 47 25 epe
354 188 90 37 fautes,
467 188 252 32 qu'imprévoyances.

174 226 73 24 'Tous
260 231 44 15 nos
315 229 117 17 arsenaux
445 228 56 18 sont
511 221 164 26 entièrement
689 219 113 25 démunis
815 227 46 17 :on
899 217 92 34 dissipé
1003 224 40 17 cet
1054 216 119 25 immense

141 257 119 25 mobilier
272 254 70 27 nfaval
354 263 47 27 que
412 250 77 30 Louis
497 248 63 33 XVf
572 253 66 25 «voit
651 253 200 33 soigneusement
865 250 45 25 fait
924 259 113 26 préparer
1048 252 50 24 lors
1110 250 30 24 de
1152 248 21 25 la

143 291 59 34 pr.jx
215 291 32 24 de
263 288 61 35 1/83
337 298 6 21 ;
366 294 24 19 et
402 288 91 34 depuis
507 296 93 27 qimtzr
614 295 40 14 ans
673 286 22 25 la
713 285 93 30 France
826 295 13 13 a
854 285 94 33 perdu,
970 293 32 17 en
1013 282 162 35 expéditions

141 324 51 26 mal
213 332 117 24 conçues,
356 324 46 22 mal
422 321 156 30 combinées,
604 320 197 34 quararilc-liois
827 324 138 26 vrùsseuux,
979 317 181 35 quatre-vingt-

144 359 63 22 deux
235 356 104 33 frégates
350 376 7 13 ,
379 353 193 27 soixante-seize
592 360 96 18 corvctt
703 361 12 14 s
736 359 24 17 et
781 350 202 27 soixante-deux*
1002 350 124 26 bàiimens
1146 350 27 24 de

141 396 128 27 nansporl
291 398 31 17 on
344 386 91 31 avises,
462 398 48 24 que
535 389 52 24 l'on
609 385 28 25 lié
658 386 168 34 rcmplacêroit
852 394 39 25 pas
909 394 59 14 avec
985 392 50 17 200
1048 383 122 26 millions.

180 424 35 26 Le
229 429 57 28 port
298 423 32 24 de
344 419 83 33 Brest,
442 420 24 26 le
480 420 53 35 plus
548 420 63 24 beau
625 417 40 35 (i)
672 439 13 21 r
697 419 24 25 le
732 418 112 25 meilleur
1038 416 15 25 Y
1059 417 113 33 Europe,

144 459 32 24 où
197 457 41 25 des
254 454 85 30 fldltes
359 464 135 17 immenses
509 459 109 28 peuvent
635 456 52 22 être
700 451 96 26 réunies
809 461 30 15 en
852 452 98 31 sûreté,
970 450 35 27 où
1022 451 18 24 il
1054 449 79 27 existe
1148 449 30 26 de

144 498 78 19 vastes
236 496 24 18 et
274 489 163 34 ujagniliques
451 484 196 39 éiablissemciis,
659 495 15 15 a
687 487 38 25 été
737 487 164 25 entièrement
917 484 106 26 délaissé.

180 526 28 25 Si
231 524 170 27 les.-arsenaux
419 527 58 20 sont
498 521 96 37 épuises
615 526 22 19 et
659 529 54 15 sans
917 519 34 25 les
974 519 125 26 vaisseaux
1121 523 57 25 sopt

144 565 91 18 encore
246 555 54 34 plus
315 556 138 34 dépourvus
467 554 30 26 de
510 552 130 27 véritabUi
657 554 111 24 hommes
785 552 31 25 de
833 561 58 15 mer.

181 591 33 26 La
234 596 66 27 perte
318 586 31 28 de
370 596 45 17 nos
430 588 109 25 colonies
552 609 6 8 ,
583 587 32 24 les
639 595 105 17 mesures
762 586 142 24 arbitraires
924 586 43 32 qui
983 585 194 25 tourmenloieni

213 632 63 18 cesse
289 622 21 26 le
324 631 151 22 commerce,
493 622 34 25 les
542 621 128 25 vexations
683 620 111 25 exercées
804 626 41 17 sur
861 626 31 17 '.es
905 618 135 34 pécheurs,
1050 618 21 24 la
1084 618 105 32 longue,

142 658 77 25 durée
233 656 30 26 de
275 658 21 24 la
311 665 86 25 guerre
407 647 4 43 .
429 656 34 25 les
478 664 79 17 revers
566 656 118 33 éprouvés
697 661 43 27 par
754 661 44 17 nos
809 647 93 30 Bottes,
921 653 113 22 aùroicnt
1044 650 58 25 sufti
1113 659 65 25 pour

142 690 116 25 anéantir
276 690 20 25 la
317 689 144 37 population
482 689 63 25 mari
548 694 61 21 tinte
619 698 7 21 ;
648 687 73 27 niais,
748 694 43 25 par
807 694 52 15 une
870 690 69 20 autre
953 686 70 24 causé
1035 692 89 15 encore
1133 702 6 12 ,
1156 681 21 26 lé

145 723 99 27 dernier
272 729 195 28 gouvernement
484 731 28 15 ei
536 720 85 30 avoi't,
645 729 63 26 pour
822 719 72 32 dire,
918 720 125 33 prononcé
1064 717 25 25 la
1108 722 70 28 perte

143 756 111 27 absolue.

175 791 53 26 Nos
240 790 146 34 équipages,
400 798 46 25 que
461 788 159 27 l'extinction
638 788 31 25 de
681 788 21 25 la
720 795 51 17 race
785 787 40 25 des
836 794 60 27 gens
907 784 30 27 de
951 794 52 17 mer
1019 785 30 24 rie
1067 790 96 28 permet-

142 826 46 25 toit
204 824 54 33 plus
272 822 31 26 de
315 829 107 19 recruter
444 823 100 33 qu'avec
567 821 41 25 dés
621 820 119 26 conscrits
754 839 7 11 ,
787 827 45 18 ont
847 828 57 25 reçu
924 819 191 33 l'organisation
1139 819 39 22 des

143 859 125 32 légimcns
282 857 30 22 de
324 857 69 33 ligne
405 850 5 40 ;
431 863 19 17 et
468 856 48 24 l'en
529 865 12 13 a
552 865 32 15 vu
596 855 118 33 plusieurs
729 854 31 24 de
770 863 39 15 ces
821 852 136 35 équipages
966 852 97 25 courrir
1076 852 31 22 dé
1117 850 64 26 leurs

143 892 124 25 vaisseaux
280 891 61 25 dans
353 892 33 24 les
402 891 102 33 champs
516 888 31 25 dé
555 888 167 34 l'Allemagne*
730 889 24 22 ét
764 888 60 22 dans
836 886 34 25 les
880 886 146 33 mbùtâ'gnes
1042 885 41 25 des
1096 885 83 25 Astu—

144 924 64 27 ries,:
220 921 158 28 comniaiidés
394 932 45 30 par
457 922 41 25 des
519 921 67 25 chefs
599 922 81 25 valeur
683 921 47 25 cu'x
744 940 8 12 ,
777 920 31 24 ils
826 921 46 24 ont*
887 919 155 25 concouru'h
1067 917 112 26 soblcnîr

142 958 83 25 l'éclat
243 956 40 26 des
295 964 79 18 armes
390 956 130 26 françaises
528 964 8 22 ;
554 956 63 24 mais
630 956 32 25 iL
677 956 133 34 pèrîioieht
830 954 60 24 datis
904 951 40 25 les
957 960 83 26 camps
1052 956 80 20 toutes
1144 950 35 27 les

142 989 135 31 habitudes
300 991 28 24 de
348 991 21 24 la
386 985 72 31 mer/
570 985 4 44 '
601 985 2 44 *
989 1018 7 11 ,
1025 1017 6 12 ,
1117 1018 6 5 .

172 1022 73 28 Cette
266 1020 87 27 double
369 1024 78 34 gloire
456 1031 13 15 a
472 1023 53 26 voit
539 1022 33 25 dû
586 1020 97 26 séduire
693 1020 126 34 beaucoup
833 1019 137 26 d'officiers
983 1019 28 24 de
1025 1019 22 21 la
1062 1028 94 15 marine
1169 1029 7 19 ;

142 1058 20 22 le
174 1059 65 24 désir
246 1058 104 25 d'avoir
363 1057 111 34 toujours
487 1067 60 14 avec
565 1065 47 14 eux
632 1055 35 25 les
679 1064 91 15 mcines
788 1061 169 27 compagnons
966 1052 77 31 fleur
1062 1051 117 26 sembloit

141 1101 25 15 se
176 1087 105 38 justiiîer
295 1100 43 26 par
350 1093 146 33 l'espérance
515 1089 73 25 d'une
606 1090 53 32 plus
674 1088 63 26 forte
752 1085 146 37 discipline;
915 1087 61 24 mais
990 1085 19 24 il
1023 1085 131 33 échappoil
1165 1087 13 22 à

143 1134 39 15 ces
193 1121 105 30 olficiers
311 1133 50 26 que
371 1122 22 27 là
404 1131 87 26 guerre
503 1123 30 25 hé
550 1122 103 35 pôùvoît
667 1131 43 25 pas
725 1124 50 21 être
787 1115 150 41 perpétuelle
947 1127 6 21 ;
970 1124 33 27 qti
1015 1127 31 17 en
1057 1119 80 33 (chips
1150 1119 30 25 de

142 1157 60 34 paix
211 1157 85 26 l'Etat
305 1166 32 18 ne
346 1167 50 26 pou
400 1165 51 18 voit
461 1166 41 25 pas
515 1157 89 33 garder
617 1165 58 18 sous
683 1165 44 15 son
738 1155 110 35 pavillon
860 1160 66 18 cette
940 1152 66 26 fouie
1019 1152 145 26 deniaielols-

141 1185 92 35 sqldats
246 1200 7 21 ;
275 1198 48 27 que
338 1201 26 20 çe
379 1191 94 33 régime
483 1191 65 26 étoft
559 1189 163 26 critîèïemént
737 1189 94 34 opposé
849 1195 47 15 aux
912 1188 71 31 goûts
1000 1185 30 25 éf
1035 1194 47 15 aux
1097 1189 80 24 usâmes

142 1225 44 25 des
197 1224 111 32 marins*,
335 1224 65 34 qu'il
416 1224 99 26 tendoit
539 1230 97 19 surtout
650 1226 13 21 à
677 1222 35 26 les
728 1221 96 26 retenir
842 1219 61 26 dans
924 1228 33 14 un
978 1219 91 24 célibat
1083 1220 94 24 luiieste

142 1267 64 25 pour
224 1257 20 25 la
260 1257 96 25 marine
367 1260 22 22 ei
407 1266 61 30 pour
482 1257 45 34 le'
527 1257 126 34 Royaume.
927 1257 5 39 .

180 1291 20 24 Il
220 1292 107 33 importe
344 1291 65 26 donc
425 1291 35 24 de
467 1289 61 27 faire
541 1298 77 18 cesser
630 1299 33 15 un
677 1289 92 33 régime
788 1289 45 32 qui
847 1287 116 38 présenté
983 1286 64 24 aussi
1062 1284 24 26 le
1107 1294 73 26 grave

141 1324 183 27 inconvénient
350 1322 30 27 de
397 1324 59 27 faire
475 1330 54 27 trop
549 1331 98 25 reposer
671 1324 33 22 les
724 1323 104 24 intérêts
847 1319 159 34 pécuniaires
1024 1320 33 22 du
1078 1317 100 27 matelot

141 1367 13 15 c
156 1356 56 28 titré
239 1358 35 27 les.
291 1358 83 25 mains
387 1358 30 26 de
433 1367 37 17 ses
484 1357 106 27 officiers
604 1374 7 13 ,
624 1365 65 26 pour
709 1356 100 34 lesquels
824 1354 53 25 rien
896 1354 30 25 iic
948 1352 57 26 doit
1024 1354 89 25 altérer
1133 1359 45 17 son

141 1391 104 34 réspeçt,
255 1397 25 19 et
299 1400 25 15 sa
340 1393 133 25 confiance.
761 1416 12 2 ...
849 1391 4 34 -
1159 1413 17 4 ....
1189 1391 5 34 *,

172 1416 37 34 ta
228 1422 67 28 dette
312 1426 76 26 totale
400 1426 30 24 de
442 1424 22 25 là
476 1424 93 26 marine
587 1433 25 17 se
627 1426 84 22 monté
728 1424 13 21 à
757 1422 30 25 (>i
813 1417 111 27 millions
941 1419 112 32 300,000
1069 1419 89 26 francs.

497 1470 137 26 Ministère
647 1470 46 26 des
702 1469 131 33 finances.
950 1469 4 35 .
973 1500 7 5 .

174 1504 124 34 L'oxp'osé
317 1504 32 26 de
370 1504 24 26 la
405 1504 120 27 situation
549 1504 33 26 du
604 1504 52 26 «lin
666 1502 72 26 islère
759 1502 30 24 de
939 1500 54 28 doit
1011 1499 74 27 offrir

136 1537 123 33 pUcatitm
273 1537 31 27 de
314 1537 61 28 eçllë
389 1539 32 24 de
439 1545 54 18 tous
507 1537 33 26 les
549 1544 80 19 autres
644 1537 139 25 niinistères
800 1544 6 21 ;
828 1543 63 17 mais
911 1533 35 25 ici
964 1544 26 14 se
1012 1538 164 24 concentrent

138 1571 35 25 les
187 1572 122 26 résultais.
332 1573 83 22 Avant
432 1571 32 25 de
494 1572 33 25 les
546 1570 60 26 faire
625 1572 130 22 connoiire
770 1586 7 13 ,
801 1569 19 24 il
834 1567 109 34 importe
959 1565 161 37 d'expliquer
1146 1566 31 25 de

141 1604 79 34 quelle
234 1605 110 25 manière
353 1604 109 27 l'ancien
475 1610 194 30 gouvernement
681 1603 61 25 étoit
761 1609 107 27 parvenu
880 1603 15 22 à
911 1599 35 25 les
957 1600 97 25 cacher.

169 1641 48 26 .Au
233 1638 115 35 premier
361 1638 164 33 coup-d'œil,
548 1637 22 25 le
581 1641 113 31 système
703 1636 31 25 de
751 1638 111 27 finances
872 1633 31 25 de
919 1632 110 26 l'ancien
1044 1642 119 26 gouverne-

141 1678 70 18 ment
220 1681 26 17 se
257 1675 112 31 présente
379 1680 59 17 avec
456 1680 48 17 une
517 1680 135 27 apparence
671 1669 103 26 d'ordre,
787 1675 35 20 et.
829 1665 178 30 a'exactitude.
1019 1665 13 41 ..
1078 1693 6 5 ,

176 1706 86 25 Avant
275 1706 22 25 le
318 1713 215 19 commencement
555 1704 31 25 de
607 1703 94 38 chaque
713 1706 93 28 année,
831 1701 21 25 le
872 1698 117 27 ministre
1006 1700 40 25 dés
1070 1700 107 26 finances

142 1736 86 28 devoit
240 1739 89 25 réunir
345 1739 33 25 les
393 1737 191 26 demandcàdeâ
593 1736 133 26 IdiinistfcS
741 1737 65 33 pÔûf
822 1736 37 24 lés
872 1733 117 34 dépenses
1005 1734 32 26 de
1059 1733 97 26 l'année
1169 1733 5 38 .

143 1779 25 18 ct
180 1781 31 15 .cn
223 1772 93 25 former
334 1773 20 24 le
369 1773 84 32 badjcl
467 1773 40 24 des
521 1770 123 34 dépenses.
691 1796 21 8 w
718 1770 19 38 .,
796 1770 5 38 5
841 1770 5 38 ,
869 1779 122 30 •-'.-;*
1009 1773 157 31 •?;-&£

175 1804 24 26 Il
211 1805 86 26 devoit
309 1806 138 33 également
457 1801 106 32 former,
578 1813 45 26 par
633 1812 89 26 aperçu
733 1822 7 14 ,
754 1802 69 27 l'état
831 1804 33 24 du
878 1802 105 34 produit
996 1802 41 25 des
1048 1800 93 37 impôts
1152 1807 25 20 et

138 1845 117 24 revenu?,
270 1845 24 19 et
312 1850 31 14 en
356 1839 103 24 déduire
480 1838 20 25 le
513 1835 85 37 budjet
609 1838 40 25 dus
663 1845 106 18 recettes.

163 1871 58 30 Xes
237 1872 66 26 deux
319 1871 112 26 tableaux
442 1891 7 12 ,
468 1873 48 24 mis
526 1881 32 15 en
573 1870 120 32 balance,
709 1871 170 34 composaient
891 1869 20 26 le
928 1869 90 33 budjet
1026 1869 98 34 génépi
1146 1865 31 28 de

141 1905 94 33 l'Etat,
250 1913 25 19 et
285 1902 150 32 sénibloient
449 1911 136 30 promettre
598 1905 74 34 qu'on
693 1905 113 32 pourroit
816 1904 120 35 pourvoir
947 1912 48 15 aux
1011 1903 115 34 dépenses
1142 1900 28 27 de

143 1944 56 21 tous
208 1933 35 32 les
253 1941 106 25 services
370 1958 6 6 ,
394 1948 30 15 en
437 1939 115 26 réalisant
565 1946 54 18 tous
632 1937 32 24 les
679 1946 107 18 revenus.

162 1974 79 28 .Mais
254 1980 39 20 cet
309 1972 124 34 équilibre
448 1972 91 27 n'éloit
553 1982 51 26 que
624 1970 69 27 fictif
702 1970 5 38 ;
723 1980 21 17 et
761 1971 22 26 le
809 1971 102 32 budjet,
934 1971 48 24 soit
1002 1971 43 24 des
1059 1974 118 20 rcceltés»

136 2007 54 24 soit
207 2006 43 26 des
265 2007 137 34 dépenses,
423 2007 65 25 étoit
504 2006 73 26 altéré
593 2014 44 27 par
653 2006 47 25 unè
713 2004 66 27 Foule
800 2002 230 33 d'inexactitudes,
1054 2010 24 19 et
1097 2006 80 24 ihème

139 2037 32 28 de
185 2041 112 27 faussetés
409 2054 15 17 %
626 2037 5 41 #
815 2063 6 2 .
1029 2060 6 4 -

175 2073 48 25 Lés
249 2069 76 30 fbuds
350 2072 51 27 dits
418 2075 124 31 spéciaux
556 2069 5 38 ,
591 2070 69 37 objet
676 2072 33 25 de
726 2073 53 34 plus
797 2069 33 30 de
850 2081 48 17 100
921 2069 119 27 millions
1067 2079 43 27 par
1126 2079 32 17 an
1169 2089 8 13 ,

139 2114 40 17 ne
183 2105 34 25 Loi
220 2112 44 20 ont
285 2115 41 27 pas
348 2107 111 34 compris
472 2108 60 22 dans
550 2105 20 26 le
591 2105 84 34 budjet
687 2117 7 20 ;
713 2099 125 43 Beaucoup
852 2105 32 25 de
1036 2101 128 30 extraordi-

138 2138 84 31 filtres
241 2135 120 30 n'étoieiVt
374 2143 97 31 portées
483 2138 14 27 â
511 2139 79 25 aiiciin
611 2138 138 27 ministère.
948 2135 2 41 .
1020 2135 4 41 .
1109 2135 5 41 .

163 2173 58 25 Xcs
241 2167 119 41 dépenses
378 2171 31 27 dé
426 2173 24 24 là
464 2181 86 28 guerre
563 2174 93 24 éloient
673 2173 119 26 calculées
814 2181 41 17 sur
870 2181 33 15 un
926 2171 102 27 effectif
1043 2167 149 43 irès-iiîfé-,

138 2206 71 26 rieur
220 2216 13 15 a
246 2202 120 32 ï'citeciiF
376 2202 47 31 réel
430 2205 22 32 X
469 2217 47 15 une
533 2216 32 15 ou
582 2202 123 39 plusieurs
715 2207 184 33 conscriptions
912 2207 97 24 étoieut
1020 2205 79 26 levées
1111 2215 8 19 ;
1135 2203 43 26 des
1186 2202 5 39 ;

137 2246 144 25 remontes,
311 2241 40 25 des
367 2241 261 38 approvbiouneniens
640 2246 24 20 et
679 2241 156 28 des,travaux
862 2241 94 25 étoient
977 2237 123 27 ordonnés
1116 2236 63 27 dans

138 2274 22 25 le
172 2283 73 17 cours
265 2274 77 26 d'une
361 2283 78 17 année
450 2295 8 7 .
484 2275 53 30 sân#
557 2283 48 25 que
624 2267 39 33 tes
678 2267 92 45 crédits
794 2275 91 25 fussent
906 2274 144 33 augmentés
1069 2280 109 26 propor-
1191 2265 4 47 ,j

141 2306 156 31 liobnclMm
306 2315 26 17 nt
370 2302 34 31 les
417 2300 94 39 éïédihs
526 2306 150 31 dévenpieùt
696 2307 65 26 donc
771 2307 202 27 nécessairement
984 2306 155 33 insutfisans,
1153 2313 26 19 et

138 2341 143 27 mi.arriére
295 2341 172 28 coustdéràbïc
483 2339 189 32 se'fôrnioiief
681 2334 164 33 sWcroissôii
857 2334 98 39 tîiâque
965 2340 69 39 jouir..

165 2374 47 26 Xi
231 2374 98 35 plupart
341 2368 44 34 (ici
400 2376 116 33 pioduits
527 2376 125 33 présumés
663 2375 85 38 portes
768 2383 31 15 au
813 2373 86 35 budjet
920 2370 141 27 ctoient.de
1080 2373 56 33 plus
1146 2381 31 18 ou

138 2409 61 28 évvn
213 2409 52 25 utils
283 2418 33 17 ou
335 2412 115 31 exagérés
490 2418 32 17 on
542 2417 30 17 ne
589 2409 104 32 poùvoit
711 2407 37 27 les
765 2407 97 26 réaliser
875 2426 6 9 ,
905 2415 33 14 ou
959 2404 52 27 Ton
1031 2406 143 26 n'obtenoit

141 2443 92 32 qu'une
243 2444 99 25 jitiiiiniti
353 2443 135 26 înlericiire
501 2439 12 27 à
530 2443 52 24 leur
601 2440 149 27 cvulùaiiôu.
769 2435 31 31 Ai
806 2441 35 24 nsi
859 2440 37 25 les
911 2437 100 39 bùdjets
1022 2439 31 25 de
1068 2441 70 27 isl2l
1148 2444 25 20 èl

143 2469 64 32 ièi3
226 2474 90 26 offrent
331 2485 32 17 un
378 2476 87 26 déficit
481 2476 28 26 de
526 2476 51 27 3ià
592 2474 112 26 millions
718 2476 93 31 3a,000
826 2474 90 26 francs.

226 2507 60 28 chef
296 2506 33 27 du
346 2515 196 27 gouvernement
554 2507 142 39 n'.ignôrtm
709 2518 41 27 pas
761 2519 40 14 ces
816 2507 116 32 déficits;
950 2507 64 25 mais
1030 2506 21 25 il
1063 2506 112 34 espéroit

141 2539 112 38 loiijoùrs
273 2541 37 26 lés
324 2541 125 32 combler,
474 2543 50 25 soit
537 2551 45 26 par
599 2551 39 15 ces
650 2541 91 28 tributs
754 2543 33 25 de
797 2541 131 33 l'étranger
948 2550 50 28 que
1019 2541 34 26 lui
1074 2541 99 25 avoient

139 2574 69 26 vaii'vr.
227 2584 37 15 ses
285 2575 131 34 premières
437 2576 221 37 campagnes,.soit
677 2584 32 15 en
725 2576 47 33 pui
787 2580 43 21 ant
849 2574 41 24 des
906 2581 137 19 ressources
1064 2574 61 26 dans
1141 2571 32 26 les
1193 2568 1 45 I

137 2606 76 27 fobds
223 2608 136 35 spéciaux,'
371 2608 60 26 dans
452 2607 21 27 lé
490 2611 115 24 domaine
619 2608 213 28 extraordinaire,
850 2607 60 25 dans
931 2607 20 25 la
966 2608 76 24 caisse
1065 2608 92 24 d'amor-

141 2641 130 25 tissement
285 2661 6 9 ,
317 2642 63 26 dans
390 2642 24 25 Va
430 2643 74 25 caisse
526 2643 28 25 de
578 2642 107 28 service-,
702 2649 46 19 etc.
764 2642 69 24 C'est
847 2640 64 25 ainsi
932 2649 50 25 que
1000 2649 105 26 presque
1120 2646 56 20 tous

137 2683 40 15 ces
188 2669 76 31 )fbhds
270 2694 7 11 ,
298 2674 44 35 qui
363 2676 120 27 h'ctoiêùt
504 2685 38 26 pas
562 2676 109 25 destines
683 2675 50 26 àùx
748 2678 117 33 dépenses
883 2674 31 25 de
930 2670 21 27 lâ
970 2683 89 26 guerre
1068 2694 8 14 ,
1097 2683 15 26 y
1130 2680 46 18 ont
1193 2668 1 43 I

141 2711 39 24 étc
191 2708 125 37 employés
324 2719 7 21 ;
343 2717 25 19 vt
380 2705 32 32 (te
419 2708 25 28 là
506 2720 28 17 ne
546 2730 6 9 ,
573 2709 59 27 dans
644 2702 35 32 les
833 2717 33 17 on
879 2708 93 27 arriéré
989 2707 187 31 Considérable,

141 2741 64 26 dont
216 2740 150 35 iiqiiàattims
377 2743 58 26 faire
449 2744 131 25 côn'noîtrc
589 2737 139 38 ,I'éVcn'diiê.
1029 2737 2 39 .
1057 2737 5 39 '
1185 2737 4 39 ,

180 2786 7 17 1
193 2781 13 14 0
210 2769 5 43 .
236 2769 22 33 li
279 2781 13 19 d
309 2778 38 24 été
367 2776 84 26 cùlcvé
540 2772 73 30 fonds
630 2776 130 35 spcèïaûx-,
772 2778 27 24 ét
816 2774 113 34 employé
946 2783 48 25 aqx
1009 2776 117 33 dépenses
1142 2774 34 25 du

138 2805 102 44 bûdjét,
256 2810 47 25 unè
318 2819 94 15 somme
428 2811 31 24 de
970 2809 152 32 53,5150,000
1139 2807 33 26 fr.

175 2845 39 24 4°.
234 2843 22 25 11
272 2852 13 14 a
302 2845 41 22 élé
358 2843 96 37 préfève
520 2844 34 24 lès
572 2843 86 27 càîisés
678 2844 37 25 du
729 2844 116 25 domaine
861 2848 25 19 et
907 2842 30 25 de

139 2875 21 25 K
184 2877 126 25 éouronrt'ê
647 2897 6 13 ,
956 2870 170 41 »^7,550,000

174 2908 17 27 3
193 2913 13 17 è
210 2931 6 4 .
239 2909 35 27 Lh
287 2909 76 27 càTssè
376 2906 32 32 dé
420 2913 92 25 service
526 2919 24 18 et
566 2910 60 26 celle
641 2911 33 24 dît
694 2913 79 25 trésor
788 2916 48 21 ont

139 2949 24 20 et
177 2942 144 27 coÙsoVnii'ié
951 2943 171 34 162,014,000

174 2978 44 32 4®.
235 2972 24 31 fi
272 2986 14 15 a
304 2978 39 26 été
359 2974 126 30 'détourné
501 2976 30 27 de
540 2979 28 25 ta
585 2978 73 26 Caisse
676 2978 247 32 d'amorLissêmcnt,

138 3017 24 19 et
181 3009 115 41 cnipfoyé
313 3020 50 17 aux
383 3007 116 39 dépenses
939 3009 176 34 275,825,000

172 3043 39 26 s®.
224 3045 21 25 11
256 3040 54 30 mit
322 3044 94 33 «ijoutèr
428 3047 13 22 h
454 3048 40 22 ccâ
502 3046 107 25 diverses
622 3046 105 25 sôtimès
741 3040 111 31 lVrrîérè
861 3045 56 26 exis-

138 3081 53 21 tant
201 3078 64 26 dans
279 3078 33 25 les
324 3079 117 40 dépenses
450 3099 9 12 ,
472 3081 14 24 à
501 3079 22 25 la
533 3079 93 33 charge
640 3080 162 33 particulier?
817 3078 33 26 du
865 3078 59 25 mi-
1133 3102 6 4 .
1149 3089 7 9 •
1182 3081 11 32 ,j

137 3111 93 27 ni'stère
252 3112 41 24 des
309 3113 126 30 finances,
461 3113 105 35 puisque
585 3113 24 24 le
622 3112 124 34 paiement
774 3113 59 25 n'eii
853 3107 25 43 a,
888 3110 41 28 été
1103 3107 7 7 *
1120 3118 72 32 .timl

137 3143 83 27 refusé
242 3143 34 27 d'il
291 3141 96 31 retardé
409 3155 47 31 que
565 3154 47 26 que
637 3145 33 25 fc's
689 3146 72 25 fonds
774 3148 33 24 ên
828 3145 102 26 avoient

137 3180 39 24 été
200 3177 124 37 employés
344 3182 13 21 à
377 3180 107 26 d'antres
507 3180 130 39 dépenses?
660 3187 39 19 cet
723 3180 96 26 arriéré
829 3198 7 11 ,
855 3188 34 17 ei
908 3188 18 25 y

137 3210 163 34 iqmpfèhknt
321 3211 34 27 in
373 3208 113 31 imlfions
501 3213 45 25 dus
557 3223 64 25 pour
633 3214 24 24 la
672 3213 70 26 solde
763 3206 31 33 àé
807 3213 103 26 retraite
921 3227 12 18 ,

137 3252 37 18 est
198 3244 40 26 dé.
255 3265 7 7 .
282 3265 8 6 .
312 3265 7 6 .
343 3266 6 6 .
488 3265 67 7 ...
575 3266 8 6 .
609 3265 6 7 .
633 3266 9 5 .
661 3266 7 7 .
686 3266 8 6 .
713 3266 7 6 .
742 3265 7 7 .
769 3266 9 7 .
803 3266 7 5 .
833 3266 6 5 .
861 3265 18 13 ..
894 3266 7 6 .
919 3266 7 6 .
961 3244 158 37 77,500,001

172 3306 110 33 ÀïùSidé
371 3313 41 25 des
429 3311 182 44 âuiîçipations
622 3311 32 28 où
670 3311 71 28 fonds
748 3314 141 28 .détournés
901 3320 26 19 et

137 3345 102 26 dévaifêï
260 3341 20 31 i
298 3345 110 28 l'àvatièé
422 3356 46 26 par
485 3341 112 32 ï'àncîe'n
622 3346 89 35 goùyçi
718 3348 117 32 neiiient,
852 3354 34 19 est
904 3346 32 27 de
952 3343 176 39 è65,46g>«ô0

168 3435 43 40 (l)
364 3437 129 26 rédaétîon
501 3428 5 50 ;
506 3439 86 25 dèeetf
595 3442 12 20 i
619 3438 57 25 ridas
689 3437 45 31 ,lë
746 3438 51 27 Roi
811 3448 14 14 a
837 3436 338 37 âWfflrihëdrisdîspbsit'iariS
1193 3428 1 50 J

137 3472 46 33 <jai
198 3475 63 21 YOftt
267 3470 94 27 rerfdre
370 3477 37 19 -ait
419 3478 58 28 port
493 3472 28 26 de
535 3472 70 25 Brcit
613 3474 6 13 f
620 3472 124 25 sotiandL
745 3463 1 44 ;
746 3481 48 17 nnc'
804 3463 5 44 ,
809 3474 163 32 iiilportancc.
1193 3463 1 44 '

161 3536 5 24 .
193 3536 5 24 •
237 3539 6 20 t
301 3546 24 7 »»
398 3543 35 14 '-
482 3542 11 14 t
820 3541 24 13 »!
863 3536 5 24 .
935 3539 33 21 •:;!
990 3537 26 15 t-
1031 3536 4 24 •
1133 3541 6 9 »

1254 120 65 33 Ajiu
1332 128 44 17 ons
1389 117 157 33 maintenant
1561 117 12 24 à
1584 122 63 20 celle
1661 124 93 18 somme
1763 116 111 25 l'ai'riéié
1885 116 41 25 des
1941 113 84 26 divers
2041 113 154 27 ministères,
2209 117 57 30 qiiéy

1220 156 52 25 l'on
1291 163 31 14 ne
1332 154 103 24 connoît
1452 159 40 26 pas
1505 159 89 17 encore
1606 157 57 18 avec
1672 149 162 27 exactitude-,
1857 149 63 26 miiis
1936 156 50 27 que
2007 146 50 27 l'on
2073 149 98 31 nè'pent
2184 154 73 27 gneri)

1218 183 97 30 évaluer
1329 182 14 31 â
1361 188 83 22 moins
1456 184 31 24 de
1500 183 51 27 500
1569 180 131 35 millions,
1717 193 31 15 en
1765 193 15 24 y
1796 187 162 31 comprenant
1976 182 46 26 iSo
2035 181 111 25 riiiliions
2159 181 83 24 ordon-

1219 221 91 27 nancés
1328 228 41 26 par
1389 228 40 19 ces
1446 217 137 27 ministères
1602 217 59 24 dans
1680 216 34 26 les
1728 215 119 35 premiers
1876 215 67 26 mois
1964 214 31 26 'de
2021 214 5 40 1
2033 215 47 32 814
2127 215 61 22 niais
2205 216 52 24 lion

1218 254 124 34 acquittés
1356 261 44 26 par
1417 252 24 25 le
1454 254 93 27 trésor,
1565 252 20 25 In
1598 260 91 15 somme
1706 250 76 25 totale
1794 249 43 25 des
1846 249 109 34 anticipa
1962 248 66 25 lions
2035 254 24 20 et
2072 248 30 24 de
2114 248 143 26 cct'ariiété

1220 288 113 25 s'élèvera
1348 279 20 43 it.
1384 306 66 7 ...
1474 279 5 43 .
1538 306 7 15 ,
1565 302 189 8 .......
1807 302 137 7 ......
1965 279 6 22 :
1998 280 201 34 i:305*./i&,,0.(<0
2222 280 33 27 fr.

1256 322 34 27 Si-
1300 321 51 26 l'on
1369 331 15 25 y
1400 319 63 35 joint
1474 319 67 25 enfin
1557 319 19 24 ta
1591 318 111 26 création
1716 318 31 25 de
1765 326 27 25 17
1807 318 113 25 niilliohs
1937 317 28 24 de
1976 320 80 19 rentes
2070 314 165 35 perpétuelles
2248 335 6 5 .

1224 357 168 34 représentant
1402 363 33 15 un
1448 350 89 38 capital
1552 352 28 26 de
1598 351 52 33 340
1664 351 111 25 millions
1788 371 6 12 ,
1815 350 181 31 dontimoitié.,
2019 351 15 24 à
2048 347 19 25 la
2176 369 6 9 ,
2194 358 14 14 a
2218 347 39 27 été

1221 389 129 35 employée
1367 397 30 14 au
1416 387 125 32 paiement
1566 384 44 26 des
1637 384 78 26 dettes
1739 394 13 15 a
1756 391 40 20 Lite
1801 394 6 14 I
1813 383 48 41 icii,
1867 392 24 15 es
1904 386 13 20 à
1944 383 39 28 I'aj
1987 393 6 14 1
2009 384 31 32 8,
2056 390 31 17 on
2113 391 54 15 aura
2194 386 63 30 potir
2269 383 2 41 '

1221 429 117 19 montant
1358 422 32 24 de
1404 419 211 25 l'aecroissemeut
1637 418 40 25 des
1696 419 79 25 dettes
1789 418 32 25 tic
1846 417 78 27 l'Etat
1937 437 6 9 ,
1963 417 110 34 pendant
2098 417 21 24 le
2139 424 70 17 cours
2228 416 30 25 de

1220 463 78 19 treize
1310 456 103 26 années,
1428 454 22 25 la
1459 462 93 17 somme
1565 452 41 33 de,
1630 470 6 6 .
1659 449 5 37 .
1689 472 6 6 .
1716 470 7 7 .
1746 472 7 5 .
1773 470 7 6 .
1800 471 7 6 .
1828 449 5 37 .
1969 469 12 8 ,
2008 459 7 17 I
2022 450 180 35 ,Gjfi,4(iyipqo
2220 449 24 37 f*
2249 469 6 7 r

1256 489 35 26 Ce
1310 480 74 35 calcul
1408 493 35 20 est
1461 485 123 35 effrayant
1598 495 53 14 sans
1664 485 87 30 doute;
1773 485 17 25 il
1812 495 31 15 11e
1858 484 50 24 faut
1922 482 137 35 cependant
2069 484 44 33 pas
2127 490 28 18 en
2171 483 71 25 consi-

1221 523 72 26 dérer
1307 521 34 26 les
1354 516 118 40 Résultats'
1480 529 97 18 connue
1591 528 33 14 un
1644 519 47 25 mal
1711 528 53 17 sans
1786 519 106 25 remède.
1913 517 35 26 Le
1964 516 116 25 ministre
2094 516 41 25 tles
2147 515 115 32 finances,

1221 566 59 14 vous
1294 554 143 35 expliquera
1453 554 93 33 quelles
1560 559 57 19 sont
1629 552 35 30 .les
1677 561 109 18 sommes
1800 552 216 26 immédiatement
2031 548 119 34 exigibles
2159 568 6 9 ,
2184 548 73 26 celles

1221 586 46 38 qiii
1287 600 32 14 ne
1333 594 107 28 peuvent
1459 591 52 22 être
1526 587 96 32 exigées
1635 585 57 34 qu'à
1709 585 40 25 des
1763 587 106 32 époques
1886 593 87 17 encore
1990 583 138 34 éloignées,
2150 588 22 18 et
2186 581 71 26 tfcHés

1222 624 44 33 qui
1281 622 105 26 doivent
1395 631 24 14 se
1428 620 117 28 résoutlre
1558 630 28 15 en
1602 628 47 17 une
1661 619 87 34 simple
1760 619 89 33 charge
1859 619 138 24 d'intérêts,
2013 617 70 25 Pour
2089 621 71 30 Uqus.
2181 621 61 30 appe-

1225 658 32 22 lés
1272 658 172 33 .uniquement
1467 654 15 24 à
1504 663 59 21 yous
1585 653 126 33 présenter
1728 652 118 34 l'Exposé
1869 652 33 26 de
1920 652 20 22 la
1958 651 120 26 situation
2104 650 104 27 ac'.UeHe
2222 651 34 24 du

1226 691 144 34 Royaume.
1389 698 60 14 nous
1462 697 76 21 ayons
1552 686 32 25 dû
1600 696 61 15 nous
1676 685 136 26 renfermer
1822 685 59 25 dans
1894 689 63 21 cette
1971 684 98 33 pénible
2086 679 70 31 tâcfie
2170 693 6 15 :
2190 689 66 20 BouS

1224 724 105 26 n'avons
1348 723 54 33 riçn
1422 718 128 31 dissimulé
1560 729 6 20 ;
1589 719 35 24 les
1645 719 111 25 tableaux
1780 718 150 25 renferment
1951 717 20 26 le
1995 717 78 27 détail
2094 724 22 18 et
2135 717 21 25 la
2178 725 78 26 preuv

1225 757 39 25 des
1298 756 56 26 faits
1376 763 47 26 que
1450 751 63 27 ttôiis
1540 763 59 14 vous
1624 763 74 14 avons
1726 752 202 25 sommairement
1956 752 135 32 rapportés.
2114 750 46 25 Ces
2178 750 78 25 détail

1224 801 59 14 vous
1297 795 155 20 montreront
1461 788 46 24 àla
1524 788 44 25 fois
1583 787 22 25 le
1622 781 45 31 irai
1682 789 27 22 et
1721 781 143 40 t'cspofr'di.-
1878 784 21 25 la
1913 784 118 35 gûérisôri
2067 783 63 27 Voils
2140 793 17 26 y
2173 793 83 17 verrez

1221 824 81 34 quelle
1315 823 63 25 force
1393 821 30 27 de
1437 821 38 25 vie
1488 821 116 33 toujours
1613 821 122 33 agissante
1752 828 12 15 a
1778 824 182 20 constamment
1970 824 102 18 soutenu
2086 823 25 18 et
2126 817 129 25 renouvelé

1222 857 22 25 la
1256 860 93 24 France
1359 866 31 15 an
1408 854 85 26 milieu
1507 854 31 25 de
1551 865 35 14 ses
1599 861 92 27 perles,
1708 853 92 34 quelles
1813 861 137 17 ressources
1963 859 45 18 ont
2022 850 60 26 lutte
2096 860 53 17 sans
2159 848 98 28 relâché

1330 891 40 24 des
1385 889 118 27 désastres
1524 887 109 33 toujours
1644 887 138 26 renaissans
1791 898 6 21 ;
1820 894 63 17 vous
1896 887 209 27 vous-.étonnerez
2117 886 37 30 «je.
2165 885 56 24 voir
2233 886 22 22 si

1215 921 102 28 'fertiles
1330 931 24 18 et
1374 924 21 24 si
1409 922 58 25 bien
1481 920 122 26 cultivées
1616 928 200 26 cy-scampagnes
1827 919 159 35 long-temps
2000 919 113 34 exposées
2126 922 12 21 à
2152 926 53 17 tous
2218 919 38 24 les

1224 966 90 25 genres
1325 958 31 24 dé
1371 956 159 26 dévastation.
1546 953 115 34 Effrayés
1674 952 35 27 de
1719 953 20 31 !»
1752 952 65 26 dette
1831 952 32 25 du
1874 958 210 27 gouvernement,
2099 960 60 15 vous
2171 959 85 19 verrez

1215 984 70 37 ,d'un
1302 997 69 20 autre
1384 990 57 30 côté
1450 1009 9 9 ,
1476 996 70 17 entre
1560 986 33 26 les
1611 987 80 26 mains
1706 986 43 25 des
1761 984 170 38 particuliers,
1946 985 30 26 de
1989 985 137 26 nombreux
2139 985 117 33 capitaux

1215 1017 76 44 iprêts
1304 1028 51 22 àse
1369 1032 80 18 verser
1461 1023 60 24 dans
1535 1020 43 25 des
1590 1022 149 33 entreprises
1750 1020 73 24 utiles
1838 1017 4 44 :
1858 1018 51 25 loin
1922 1019 30 24 de
1963 1019 138 34 désespérer
2114 1018 63 25 alors
2190 1017 30 26 de
2232 1018 22 24 la

1222 1057 138 37 prospérité
1383 1056 139 31 nationale,
1546 1064 31 17 en
1591 1052 183 27 considérant.l
1793 1059 28 18 ut
1839 1062 26 17 ce
1883 1055 58 34 qu'a
1959 1051 103 26 souffert
2081 1052 22 24 lu
2117 1051 97 26 France
2230 1058 24 18 et

1215 1094 61 25 Ho.ut
1290 1102 27 18 qe
1328 1089 93 37 qu'elle
1427 1098 28 14 -a.
1460 1089 214 34 supportévous
1687 1088 100 33 jugerez,
1799 1093 57 20 tout
1869 1095 27 15 ce
1917 1085 89 34 qu'elle
2021 1087 53 25 doit
2083 1095 26 17 se
2121 1091 133 33 promettre

1224 1126 187 28 d'ollc-niènic,
1423 1131 56 17 sous
1492 1131 33 15 un
1538 1128 193 27 gouvernement
1749 1121 71 31 dont;
1833 1120 45 26 elle
1893 1121 86 25 u'aura
1995 1121 54 33 plus
2061 1119 59 35 qu'à
2138 1117 116 26 seconder

1224 1159 34 27 les
1269 1157 178 27 bienfaiantes
1461 1156 148 24 intentions.

1263 1193 64 26 Mais
1337 1193 33 24 les
1383 1191 69 25 soins
1461 1188 31 25 de
1501 1199 26 20 cç
1539 1193 191 30 gouvernement
1743 1196 28 17 ne
1786 1196 22 15 se
1820 1187 135 26 borneront
1965 1195 44 25 pas
2017 1195 30 17 au
2057 1186 196 27 rétablissement

1228 1226 77 26 d'une
1317 1225 133 34 prospérité
1466 1228 132 30 purement
1607 1220 133 26 matérielle
1749 1232 6 15 ;
1767 1220 111 27 .d'autres
1897 1228 97 17 sources
2010 1220 31 25 de
2055 1219 115 26 bonheur
2189 1225 25 19 et
2224 1219 31 25 de

1227 1259 84 34 gloire
1337 1265 45 18 ont
1397 1259 38 22 été
1459 1253 159 27 cruellement
1639 1258 130 34 attaquées.
1795 1254 37 25 La
1857 1253 113 26 inorale,
1995 1263 96 17 comme
2109 1254 21 24 la
2148 1252 104 26 richesse

1224 1293 133 34 publique,
1370 1300 32 17 ne
1414 1296 93 20 sauront
1520 1289 123 35 échapper
1656 1291 13 20 à
1681 1287 145 24 l'influence
1845 1285 92 27 funeste
1951 1286 64 26 d'an
2027 1286 107 26 mauvais
2145 1294 94 26 gouver-

1221 1332 102 25 nement
1342 1324 70 25 Celui
1427 1323 122 33 qui.vient
1560 1322 31 27 de
1604 1322 59 25 finir
1676 1330 12 14 a
1702 1320 96 25 comblé
1813 1319 59 31 dans
1883 1329 27 17 ce
1918 1330 73 25 genre
2007 1319 33 25 les
2052 1330 74 14 maux
2141 1318 113 38 qu'avoit

1222 1365 84 19 causés
1319 1354 22 32 la
1356 1359 25 22 ré
1388 1356 112 32 vqhitipn
1512 1365 8 21 ;
1531 1355 18 25 il
1561 1355 41 26 n'a
1613 1354 89 25 rétabli
1713 1354 21 25 la
1748 1354 106 34 religion
1865 1362 47 26 que
1924 1363 60 26 pour
1997 1363 32 15 en
2043 1355 61 26 faire
2113 1363 34 18 un
2160 1356 79 26 instru-

1221 1401 69 18 ment
1307 1395 14 24 à
1337 1401 43 17 son
1391 1398 79 26 usage.

1259 1423 188 33 L'instruction
1469 1421 142 38 publique,
1635 1421 115 27 soumise
1762 1420 21 28 k
1795 1421 26 26 la
1841 1421 90 27 même
1949 1420 171 35 dépendance
2134 1441 6 12 ,
2159 1422 43 26 n'a
2217 1433 39 24 pu

1221 1461 137 33 répondre
1376 1467 51 17 aux
1447 1462 91 26 cuprls
1558 1456 35 27 du
1610 1465 78 24 corps
1707 1449 165 44 respectable
1886 1454 45 35 qui
1945 1455 24 25 la
1988 1453 103 38 dirige;
2107 1467 43 15 ces
2161 1456 91 26 efforts

1222 1500 46 20 ont
1281 1498 43 25 été
1342 1501 59 18 sans
1417 1500 70 18 cesse
1508 1489 146 26 contrariés
1668 1498 47 25 par
1733 1499 34 15 un
1783 1488 158 35 despotisme
1951 1488 45 34 qui
2009 1491 104 26 vouloit
2128 1487 125 30 dominer

1220 1534 60 20 tous
1304 1530 39 25 les
1363 1526 97 33 esprits
1481 1532 71 26 pour
1572 1522 111 26 asservir
1703 1532 61 17 sans
1786 1521 115 30 obstac'e
1923 1527 86 22 toutes
2031 1522 35 27 les
2092 1525 174 31 existences.;,

1215 1561 164 28 J'éducation
1406 1558 133 28 nationale
1559 1566 14 17 a
1597 1556 92 27 besoin
1708 1556 33 26 de
1755 1554 150 35 reprendre
1926 1565 52 19 une
1994 1557 132 27 tendance
2144 1558 58 33 plus
2219 1558 22 26 li-

1219 1598 109 30 bérale-,
1348 1604 70 25 pour
1435 1603 27 15 se
1480 1591 190 28 raaintenir.au
1683 1590 97 26 niveau
1795 1590 45 26 des
1856 1587 125 30 lumières
1994 1589 33 27 de
2042 1590 150 35 l'Europe,
2216 1600 50 24 en,

1218 1637 132 22 revenant
1363 1630 14 25 à
1393 1630 46 26 des
1453 1624 135 35 principes
1600 1630 66 27 trop
1676 1624 168 32 long-temps
1858 1623 104 27 oubliés
1972 1624 85 33 parmi
2075 1635 78 15 nous.

1254 1667 63 33 Que
1331 1675 33 17 ne
1376 1665 116 32 peut-011
1506 1657 102 26 rendre
1617 1657 66 26 aussi
1696 1662 59 20 tout
1767 1656 67 26 d'un
1846 1667 67 24 coup
1924 1657 15 25 à
1956 1656 22 27 la
1996 1656 104 28 France
2115 1668 43 17 ces
2170 1657 65 27 habi-

1219 1698 200 33 tndesmprales
1430 1700 26 20 et
1468 1697 44 21 cet
1524 1702 60 24 espr
1596 1696 7 20 l
1617 1690 85 34 public
1709 1689 91 35 quede
1808 1690 86 26 cruels
1906 1689 136 27 malheurs
2052 1697 26 20 et
2087 1701 56 17 une
2152 1690 98 37 lorigtie

1219 1734 155 31 oppression
1384 1741 17 24 y
1413 1733 48 22 ont
1474 1724 241 35 presqu'anéantis'
1728 1723 201 27 Lessenlîmens
1939 1724 92 30 nobles
2043 1728 99 24 ont-été
2153 1723 105 41 oppri-.

1220 1772 56 22 més
1287 1778 11 21 î
1315 1767 37 26 les
1367 1762 74 30 idées
1453 1761 158 33 généreuses
1626 1762 48 21 ont
1693 1760 43 25 été
1752 1756 131 28 étouffées
1897 1767 9 17 ;
1919 1767 56 19 non
1996 1763 112 24 content
2126 1760 33 26 de
2180 1768 57 17 con-

1219 1802 116 26 damner
1351 1801 17 25 à
1389 1794 137 31 l'inaction
1541 1793 35 26 les
1591 1798 92 20 vertus
1698 1792 63 34 qu'il
1786 1792 154 31 redoutait,
1955 1792 24 26 le
2001 1799 216 27 gouyernement
2238 1804 14 15 a

1219 1837 81 26 excité
1312 1840 27 21 et
1350 1832 124 27 fomenté
1485 1827 38 32 Igs
1535 1826 117 34 passions
1667 1826 44 33 qui
1727 1826 146 34 pouvoient
1890 1822 24 30 le
1930 1826 85 26 servir
2029 1835 6 17 :
2050 1834 70 26 pour
2131 1822 120 30 éteindre

1214 1865 109 35 l'esprit
1337 1866 107 34 public,
1462 1860 18 30 il
1500 1871 13 15 a
1527 1856 93 39 appelé
1636 1860 13 24 à
1662 1866 53 19 son.
1722 1858 58 27 aide
1796 1853 115 32 l'intérêt
1924 1857 144 37 personnel
2082 1859 39 32 ;il
2137 1871 18 15 a
2172 1860 79 27 offert

1215 1911 43 20 ses
1273 1904 109 26 fazfeurs
1396 1902 19 25 à
1435 1894 154 32 Eautbition
1604 1903 70 25 pour
1693 1892 66 26 faire
1779 1892 66 26 taire
1865 1891 25 27 la
1905 1892 157 27 conscience
2074 1904 6 22 ;
2096 1893 19 26 il
2131 1896 45 24 n'a
2194 1893 59 35 plus

1222 1938 72 26 laissé
1309 1937 106 26 d'autre
1426 1935 54 26 état
1494 1937 52 26 que
1560 1922 69 32 celui
1639 1925 32 27 de
1685 1924 25 30 le
1724 1926 100 28 servir,
1844 1925 105 28 d'autre
1961 1929 145 33 espérance
2118 1937 51 25 que
2185 1928 67 26 celle

1225 1971 69 26 rrtril:
1304 1969 110 28 Ptnivoit
1422 1965 57 30 seul
1489 1962 109 26 réaliser
1606 1970 6 22 ;
1624 1969 104 18 aucune
1740 1959 131 27 ambition
1880 1961 96 26 n'étoit
1983 1958 158 33 indiscrète,
2147 1970 105 18 aucune

1224 2006 152 32 prétention
1395 2013 34 15 ne
1442 1995 123 32 sembloit
1578 1996 142 34 exagérée;
1734 1994 32 26 de
1780 1993 25 35 Jà
1820 2000 66 20 cette
1899 1991 163 30 continuelle
2075 1995 129 33 agitation
2218 1993 34 30 de

1224 2043 58 24 tdus
1303 2037 38 28 Ibs
1351 2035 113 31 intérêts
1474 2037 27 21 et
1518 2028 33 26 de
1566 2033 59 21 tous
1639 2028 37 26 les
1690 2026 98 33 désirs;
1807 2024 34 28 dé
1859 2024 24 30 la
1893 2031 70 22 cette
1977 2027 143 27 instabilité
2134 2027 64 27 dans
2216 2028 41 26 les

1220 2074 154 31 situatibns-,
1388 2069 46 34 qui
1446 2067 37 27 lie
1499 2061 99 31 laisspit
1613 2061 122 34 presqu'à
1749 2069 135 26 personne
1904 2061 37 26 les
1957 2067 90 22 vertus
2062 2061 34 26 de
2112 2072 47 17 son
2174 2065 76 28 état,

1222 2115 80 21 parce
1315 2113 51 24 que
1377 2105 105 27 chacun
1496 2106 35 20 ne
1544 2094 119 37 songeoit
1674 2094 60 35 qu'à
1748 2105 32 15 en
1794 2095 81 25 sortir
1886 2106 7 20 ;
1909 2095 32 26 de
1952 2092 22 30 là
1991 2092 73 31 enfin
2079 2095 46 27 des
2133 2101 123 28 attaques

1220 2146 60 21 sâtts
1291 2144 72 22 cessé
1378 2139 96 26 livrées
1488 2135 15 22 à
1515 2138 58 22 tous
1585 2128 39 28 les
1636 2137 94 26 genres
1740 2126 32 28 de
1787 2128 104 35 probité
1905 2139 48 24 par
1963 2128 46 26 des
2022 2130 151 27 séductions
2185 2131 69 25 dont

1222 2174 37 27 léJ
1269 2176 152 26 c-raêtères
1433 2171 35 26 h*
1480 2167 59 34 plus
1551 2165 133 33 généreux
1697 2163 107 26 avoienl
1819 2161 78 35 peine
1912 2164 15 25 à
1939 2172 27 18 se
1976 2164 142 27 défendre.

1257 2209 40 26 Ce
1309 2211 63 24 «Ont
1387 2207 38 26 lés
1439 2204 85 28 tristes
1535 2198 76 26 effets
1625 2198 33 26 de
1671 2205 31 18 ce
1715 2198 111 33 système
1843 2202 164 30 corrupteur
2022 2206 50 25 que
2085 2206 70 18 nous
2171 2206 83 19 avons

1221 2242 171 33 aujourd'hui
1409 2243 14 24 à
1442 2236 168 31 combattre;
1630 2241 34 17 ne
1682 2237 70 19 nous
1765 2239 34 17 en
1818 2230 171 26 dissimulons
2003 2242 45 25 pas
2068 2232 135 26 l'étendue
2213 2242 8 15 :
2233 2231 19 27 il

1221 2281 38 21 est
1266 2276 47 26 dés
1324 2278 118 27 époques
1453 2274 34 26 où
1498 2270 38 27 les
1548 2265 125 37 peuples,
1683 2274 107 17 comme
1798 2263 41 27 les
1851 2264 67 32 rois,
1930 2270 46 20 ont
1988 2265 94 26 besoin
2094 2265 159 27 d'entendre

1221 2309 24 26 la
1260 2308 102 30 vérité,
1376 2306 113 30 dût-elle
1502 2306 90 26 même
1609 2301 118 33 paroître
1741 2297 72 28 triste
1826 2303 26 21 et
1865 2302 91 22 sévère
1975 2308 6 21 ;
1996 2307 71 18 nous
2081 2300 110 25 u'avons
2210 2308 45 26 pas

1220 2343 90 26 craint
1329 2343 33 25 de
1376 2352 66 17 vous
1460 2341 22 26 la
1495 2340 70 27 dire-
1584 2334 50 25 Les
1645 2333 138 27 embarras
1798 2333 35 25 du
1847 2337 123 21 moment
1989 2337 63 21 sont
2067 2333 131 34 pénibles,
2217 2333 37 26 les

1220 2374 215 28 difficultéssotit
1448 2373 111 38 grandes
1571 2366 45 34 ;il
1632 2376 17 26 y
1661 2374 66 18 aura
1746 2366 137 34 beaucoup
1894 2367 17 25 à
1926 2367 123 26 attendre
2060 2367 34 26 du
2113 2372 99 30 temps;
2231 2367 24 25 la

1221 2411 92 26 nation
1330 2411 100 26 sentira
1446 2417 53 26 que
1511 2406 26 26 le
1548 2409 135 21 concours
1700 2400 32 25 de
1743 2408 50 17 son
1807 2399 54 27 zèle
1878 2406 39 20 est
1932 2400 146 26 nécessaire
2095 2409 70 30 pour
2180 2400 76 26 hâter
2263 2399 2 44 ,

1220 2444 25 26 le
1259 2450 96 20 retour
1374 2444 33 26 de
1428 2450 48 19 son
1494 2446 99 28 propre
1606 2434 128 30 bonheur
1748 2443 6 15 :
1769 2443 27 17 sa
1819 2433 137 27 confiance
1970 2434 66 26 dans
2054 2434 37 30 les
2107 2433 157 31 intentions:

1220 2478 32 26 de
1270 2484 50 20 son
1338 2477 69 28 Roi,
1423 2477 38 27 les
1474 2473 129 27 lumières
1615 2473 26 22 et
1655 2467 22 26 la
1690 2477 100 25 sagesse
1801 2467 45 25 des
1856 2461 69 32 deux
1937 2466 165 32 Chambres,
2120 2467 146 30 rendront;

1220 2511 24 26 la
1259 2511 76 26 tâche
1350 2511 33 26 du
1401 2509 214 35 gouvernement
1630 2502 87 26 moins
1735 2502 98 33 longue
1853 2506 25 20 et
1897 2503 57 34 plus
1976 2503 94 34 légère.
2091 2502 30 28 Si
2139 2502 116 34 quelque

1220 2544 80 27 chose
1316 2549 112 28 pouvott
1441 2541 148 35 empêcher
1605 2545 52 25 que
1671 2544 44 18 ces
1728 2537 157 32 espérances
1904 2545 27 17 se
1948 2536 170 27 réalisassent
2139 2543 99 26 promp-

1220 2583 120 21 tettiénl.
1365 2589 31 14 ce
1419 2576 84 27 seroit
1527 2578 70 24 cette
1620 2569 156 27 turbulence
1801 2569 122 34 inquiète
1944 2570 45 33 qui
2015 2575 65 20 vent
2100 2570 72 33 jouir
2196 2578 72 19 sans;

1220 2613 90 26 retard
1325 2611 45 26 des
1383 2611 76 26 biens
1474 2608 97 37 qu'elle
1586 2602 149 37 entrevoit;
1754 2602 66 26 mais
1837 2608 74 21 votre
1935 2602 138 35 prudence
2093 2613 79 17 saura
2187 2609 80 19 nous;

1220 2655 34 17 en
1277 2649 151 30 préserver.
1918 2648 5 31 '
2073 2656 7 20 -.
2100 2667 6 6 ,
2217 2656 14 12 -

1253 2680 28 26 Si
1298 2680 40 26 les
1355 2679 99 34 impôts
1475 2676 131 26 n'étoîent
1630 2682 44 26 pas
1696 2673 77 35 payés
1783 2689 6 11 ,
1818 2672 40 25 les
1867 2672 86 25 dettes
1972 2680 11 18 s
1995 2674 207 25 arcrOitrOienl,
2229 2674 28 22 et

1219 2713 191 26 l'insuffisance
1426 2713 45 25 des
1480 2718 154 19 ressources
1646 2718 35 15 ne
1696 2706 170 37 permetlroit
1883 2714 45 25 pas
1938 2705 34 25 de
1982 2705 139 26 diminuer
2137 2705 35 25 les
2183 2713 86 18 con-,

1220 2746 32 26 tri
1257 2738 123 40 butions.
1394 2745 28 27 Si
1437 2740 103 31 l'union
1554 2741 124 37 générale
1691 2752 34 15 ne
1739 2739 139 26 secondoit
1891 2739 165 33 pasles.vues
2068 2738 189 27 bienfaisantes

1220 2780 32 25 de
1267 2785 81 20 notre
1363 2779 52 26 Roi
1428 2798 7 6 .
1454 2778 46 26 des
1513 2776 161 35 entreprises
1687 2774 74 27 utiles
1772 2772 118 27 seroient
1899 2774 136 25 arrêtées,
2052 2771 203 34 d'importantes

1219 2813 202 26 améliorations
1430 2812 120 26 seroient
1560 2809 168 35 suspendues
1737 2828 7 11 ,
1760 2812 27 22 et
1798 2805 204 35 l'impossibilité
2019 2805 33 26 de
2070 2805 67 26 faire
2152 2804 26 26 le
2192 2804 64 27 bien
2264 2804 5 40 ,

1219 2846 156 27 accroitroit
1389 2846 25 27 le
1428 2845 54 27 mal
1492 2845 63 32 dé|à
1570 2843 53 27 fait.
2224 2872 6 5 .

1253 2880 44 27 En
1310 2882 151 33 regrettant
1470 2880 37 27 les
1520 2878 77 26 biens
1611 2876 45 35 qui
1669 2876 111 27 doivent
1787 2883 103 19 encore
1903 2883 28 17 se
1944 2874 65 26 faire
2024 2876 136 30 attendre,
2174 2882 70 22 ]oins-

1219 2924 61 17 sons
1296 2915 32 26 de
1344 2923 65 17 ceux
1422 2914 45 34 qui
1480 2921 71 18 nous
1565 2916 63 21 sont
1650 2908 92 32 offerts
1756 2919 6 15 1
1778 2909 60 32 déjà
1860 2908 22 26 la
1904 2908 59 34 paix
1974 2915 103 18 -rouvre
2098 2915 48 18 nos
2163 2910 74 30 ports
2248 2915 7 20 ;

1220 2948 25 26 la
1258 2948 92 26 liberté
1363 2952 113 22 ramène
1495 2947 25 26 le
1533 2944 143 35 négociant
1687 2947 14 24 à
1715 2954 41 17 ses
1768 2941 178 37 spéculations
1958 2961 6 8 ,
1982 2944 30 22 et
2035 2940 128 27 l'ouvrier
2180 2941 15 25 à
2216 2948 45 19 se*

1356 2991 37 17 un
1407 2980 122 35 principe
1548 2980 33 26 de
1592 2979 44 25 vie
1654 2978 98 27 circule
1767 2978 66 26 dans
1853 2981 59 20 tous
1933 2975 38 25 les
1983 2974 137 26 niembri-s
2133 2974 32 26 du
2178 2981 79 25 corps

1220 3015 148 34 politique;
1393 3015 106 26 chacun
1513 3013 59 26 voit
1585 3013 26 26 là
1626 3012 37 26 fin
1676 3012 37 27 de
1726 3021 41 15 ses
1785 3019 79 18 naux
1877 3015 30 20 «t
1926 3007 135 31 entrevoit
2086 3006 172 28 d'heureuses

1220 3048 142 27 destinées.
1381 3048 240 27 Pourrions-nous
1632 3046 58 25 être
1709 3045 156 26 indifférons
1885 3045 19 24 à
1923 3052 30 17 ce
1976 3052 79 24 repos
2073 3041 34 26 de
2130 3039 128 32 l'avenir,

1217 3084 80 32 après
1311 3083 76 25 avoir
1402 3084 66 24 vécu
1480 3081 22 26 si
1522 3080 171 31 long—temps
1706 3077 35 27 de
1754 3080 139 24 tourinens
1906 3081 28 21 et
1948 3073 198 37 d'inquiétudes
2157 3073 11 25 ?
2180 3073 90 27 Vous,;

1220 3117 43 33 n'y
1285 3124 74 19 serez
1378 3116 78 32 point
1478 3112 158 28 insensibles
1644 3132 8 6 -
1670 3111 149 27 Messieurs
1845 3111 7 26 l
1864 3120 14 17 e
1896 3110 56 27 Roi
1961 3118 28 18 se
2006 3109 86 26 confie
2105 3106 155 37 également

1219 3150 14 25 à
1247 3158 43 17 ses
1307 3150 111 33 peuples
1437 3154 30 22 et
1481 3150 17 25 à
1513 3149 72 25 leurs
1603 3143 130 38 députés.
1755 3150 27 22 et
1799 3144 24 27 la
1846 3143 104 27 France
1963 3143 91 26 attend
2070 3146 57 21 tout
2143 3142 33 25 de
2199 3139 61 26 leur

1214 3185 139 32 -généreux
1365 3182 105 27 accord.
1486 3182 102 33 Quelle
1610 3184 184 24 circonstance
1815 3178 59 32 plus
1892 3178 132 25 heureuse
2034 3185 53 25 que
2101 3174 65 28 celle
2178 3175 81 25 d'une

1212 3217 151 28 -assemblée
1376 3215 48 35 qui
1440 3215 47 26 asi
1502 3216 63 26 bien
1585 3215 94 26 mérité
1691 3215 37 26 de
1747 3214 24 26 la
1781 3213 103 35 patrie,
1902 3215 26 22 et
1944 3209 67 26 d'un
2028 3209 52 26 Roi
2093 3208 46 34 qui
2148 3213 65 22 veut
2224 3215 35 19 eu

1219 3253 56 24 être
1291 3250 24 26 le
1332 3253 66 28 père
1413 3244 5 39 !
1427 3248 139 33 Jouissez,
1578 3248 161 32 Messieurs,
1756 3248 33 26 de
1806 3250 69 22 cette
1887 3244 133 27 heureuse
2035 3244 113 24 réunion
2160 3253 6 14 :
2178 3248 81 35 voyez

1213 3289 35 20 'ce
1260 3293 57 26 quç
1332 3283 25 26 la
1378 3285 103 26 France
1494 3293 34 15 en
1544 3286 93 30 espère
1649 3292 51 19 ,ce
1714 3289 51 25 que
1780 3289 66 17 vous
1865 3288 67 18 avez-
1945 3278 60 34 déjà
2015 3274 57 45 .fait
2094 3286 71 25 pour
2189 3274 48 26 elle
2250 3283 8 20 ;

1213 3322 57 30 'que
1285 3327 43 18 ces
1343 3318 122 27 heureux
1478 3325 239 19 commenremcns
1735 3322 65 18 vous
1817 3317 182 30 encouragent
2017 3312 65 26 dans
2106 3314 74 21 voire
2196 3317 50 40 car-

1220 3352 71 26 rière
1302 3372 7 7 ,
1324 3357 26 27 gt
1364 3360 53 25 que
1433 3351 22 26 la
1470 3350 224 27 reconnoissance
1715 3348 32 25 de
1761 3358 46 15 vos
1821 3346 123 28 derniers
1957 3353 104 18 neveux
2074 3344 53 26 soit
2144 3345 15 24 à
2172 3344 24 25 la
2211 3343 58 34 fois.,

1221 3391 78 20 votre
1316 3384 169 33 émulation,
1501 3390 77 21 votre
1593 3383 85 34 gloire
1694 3387 28 22 et
1733 3385 74 24 votre
1824 3384 187 30 récompense.

501 3666 46 32 De
566 3664 220 46 l'lmprimerie
802 3666 37 31 de
856 3673 40 25 fie
915 3665 190 41 NofijHAKT,
1121 3666 110 32 rue.de
1251 3664 112 41 Seine,
1452 3663 34 41 8,
1504 3664 71 45 près
1593 3664 40 32 du
1654 3667 73 40 pont
1744 3664 53 32 des
1819 3664 83 31 Arts.

1134 65 26 46 t
1178 69 69 43 m
