2460 4041
126 154 48 22 pas
185 144 17 26 à
216 144 131 32 renaître,
359 139 282 30 «flWrauMuauaJ.se
653 131 176 34 sowriettrotil
842 154 18 21 r
861 143 28 19 "'S
894 143 8 15 3
915 131 79 45 peine
1003 131 17 26 à
1032 139 53 18 une
1101 139 48 18 sur-

126 176 132 28 veillante
269 187 59 17 sans
343 174 116 35 laquelle
474 175 24 25 le
508 183 35 17 Irs
556 174 52 25 tiiri
617 182 12 14 i
654 167 5 43 1
665 190 8 7 ,
687 168 208 30 iedombècoUMït
909 167 65 26 dans
992 167 22 26 le
1033 167 130 24 desordre

126 214 40 24 où
181 210 69 27 eUes
263 216 48 20 ont
325 211 41 24 clé
381 208 117 35 pendant
513 207 24 26 la
552 206 161 31 réï«,-::r:ipTi.
1051 231 102 7 ...

150 247 150 31 .Hospices.
320 241 240 28 L'administration
579 240 48 26 des
657 239 117 35 hospu-e*
802 241 37 20 eit
868 235 65 26 dans
958 242 54 18 une
1039 237 125 21 situation

128 287 103 19 encore
244 279 59 33 plus
318 276 132 26 fâcheuse.
478 274 78 26 Cette
581 268 213 32 administration
817 269 72 31 ayoit
905 268 150 33 cependant

129 311 97 35 depuis
250 312 46 33 178
296 312 32 33 g,
344 308 45 27 des
409 307 200 28 améliorations
625 306 34 26 de
680 307 22 25 la
712 301 2 45 '
726 305 59 35 plus
804 301 100 38 grande
919 301 187 34 importante,,
1115 304 50 22 soit

132 346 66 26 dans
214 341 118 38 l'emploi
350 344 47 26 des
413 340 91 33 fonds,
524 339 52 27 soit
595 340 66 26 dans
680 339 27 28 Je
731 338 99 35 régime
852 334 145 45 intérieur;
1010 334 66 25 niais
1093 334 71 32 déjà,

131 389 38 19 en
184 378 76 33 iBii,
276 369 72 37 fétat
359 378 46 25 des
417 377 117 26 finances
546 373 129 37 empêcha
687 372 250 34 le'gouvernement
947 369 146 32 d'assigner
1106 377 14 17 a
1137 377 27 15 ce

131 412 103 28 service
243 411 35 26 les
289 420 117 18 sommes
417 410 46 34 qui
474 407 125 27 dévoient
608 416 17 27 y
632 409 59 25 être
704 409 163 22 consacreés.
881 404 34 26 Le
927 399 129 30 deèretdu
1068 410 31 27 19
1109 400 43 33 jan-

131 445 60 27 vîer
206 445 60 26 1811
279 444 141 27 n'accorda
429 452 53 25 que
491 443 15 33 4
515 441 119 27 raillions
647 446 70 27 poîir
730 437 25 27 la
765 437 117 35 dépense
896 438 45 24 des
954 444 33 18 en
993 437 54 24 fans
1057 438 107 21 trouves

133 480 34 27 de
178 483 59 22 tout
248 478 24 27 le
287 478 136 27 llovaume
432 489 7 17 ;
451 476 116 34 dépense
583 475 46 34 qui
647 474 94 26 s'éiree
764 471 198 26 annuellement
977 471 14 24 à
1006 477 17 26 9
1037 469 126 26 millions.

133 513 52 27 I*s
204 513 119 34 hospices
380 510 74 27 Paris
470 509 107 27 avoient
594 509 73 33 déjà,
678 516 33 17 au
726 508 230 24 commencement
972 503 33 25 de
1029 503 63 26 i»t3
1104 522 7 7 ,
1129 510 35 18 un

133 546 94 28 déficit
249 547 123 26 «résumé
387 543 34 26 de
439 550 113 27 210,002
570 540 56 33 fr,;,
639 546 31 21 et
679 550 30 17 ce
731 539 90 27 déficit
840 539 59 26 s'est
922 535 242 37 prodigieusement

133 591 83 19 accru
229 579 93 34 depuis
340 583 67 21 cette
426 581 104 32 époque
542 595 8 7 .
575 585 47 25 par
644 574 24 26 le
681 574 149 34 placement
843 572 46 27 des
904 569 116 27 malades
1032 569 136 26 militaires

135 614 67 26 dans
226 613 38 27 les
286 613 128 34 hôpitaux
433 609 76 28 civils
517 630 7 13 ,
541 613 30 21 et
593 608 24 26 le
640 605 210 28 no:i-niiément
866 604 196 35 des'journées
1077 601 92 28 de'ces

133 646 125 27 malades.
281 646 37 26 Le
332 645 136 26 ministère
481 643 32 25 de
530 643 22 26 la
568 651 93 24 guerre
678 640 57 26 doit
748 648 50 17 aux
813 640 124 33 hôpitaux
948 635 33 26 de
993 635 90 32 Paris,
1098 644 69 26 pour

135 690 32 17 ce
189 679 59 26 seul
263 679 85 32 objet,
365 687 54 17 une
436 685 103 20 somme
560 674 34 26 de
780 674 33 24 lr.
828 672 35 26 60
898 671 48 26 Lés
967 679 143 26 magasins,
1131 670 37 24 les

137 712 180 37 pharmacies,
330 717 67 27 etc.,
415 716 63 21 sont
495 709 117 35 épuisés;
627 707 34 26 las
683 706 81 33 tonds,
776 705 33 26 de
829 706 106 25 réserve
957 704 44 26 des
1016 703 139 26 établissse-

136 757 78 18 laens
237 756 34 15 en
291 744 133 33 meubles,
442 744 96 34 linges,
557 748 57 26 ctc,
635 745 61 22 sont
716 750 59 19 uses
795 749 35 17 ou
853 737 111 37 perdus;
978 737 28 33 la_
1023 737 94 25 valeur
1136 737 31 24 de

138 791 43 18 ces
195 784 86 28 perles
293 781 44 26 n'a
350 789 38 25 pu
400 782 56 22 être
469 787 98 17 encore
582 775 131 33 calculée,
732 774 65 27 liiaîs
817 774 50 26 elle
882 783 17 15 .s
908 770 72 27 élève
1000 782 15 14 a
1038 770 131 35 plusieurs

139 815 130 27 millions.

543 846 118 25 Traeaux
670 842 110 27 pallies.

152 924 6 6 ■
176 908 87 35 Après
276 918 32 17 ce
321 906 104 27 tahlcau
439 906 33 27 de
487 902 230 30 l'administration
739 900 124 37 générale
874 920 8 14 ,
900 900 38 26 les
950 904 107 22 travaux
1069 896 102 37 public,

139 940 113 31 doivent
265 940 67 27 fixer
346 939 230 28 notre'attention.
592 938 43 26 De
645 935 112 35 grandes
771 933 161 37 entreprises
941 938 46 21 ont
994 934 43 25 été
1046 933 123 31 formées,

139 976 209 35 quelques-unes
361 984 48 25 par
423 972 46 27 des
487 972 90 27 aïo'ifi
591 971 32 26 de
639 969 130 31 véritable,
781 967 259 34 utilitébeaucoup
1057 965 17 26 d
1084 970 84 28 autre,

142 1019 50 20 par
207 1007 162 27 ostentation
381 1017 37 17 ou
435 1006 67 26 dans
514 1005 47 27 des
570 1013 65 18 vues
646 1005 35 25 où
700 1002 129 27 11'entroit
844 1011 71 26 pour
931 999 60 27 rien
1009 999 24 26 le
1045 998 126 26 bonheur

139 1044 35 26 de
190 1043 24 26 la
227 1042 113 27 France.
356 1039 103 27 Tandis
471 1049 52 22 que
537 1038 46 26 des
596 1043 91 20 roules
700 1036 175 39 magnifiques
887 1032 165 28 s'.ouvroieut
1064 1039 46 19 sur
1124 1042 48 15 nos

139 1076 161 32 frontières,
317 1076 38 26 les
367 1078 90 24 routes
470 1074 32 25 de
516 1071 149 27 l'intérieur
678 1070 100 28 étoieiït
794 1069 129 34 négligées
935 1078 7 21 ;
958 1071 26 22 et
999 1068 38 25 les
1052 1065 120 27 chemins

278 1128 7 11 ,
302 1107 175 28 abandonnés
498 1116 50 15 aux
569 1113 59 19 coin
633 1114 26 17 ni
661 1114 65 15 unes
739 1123 6 13 ,
771 1103 45 34 (juî
833 1102 132 26 n'avoient
980 1100 59 35 plus
1052 1109 70 15 assez
1137 1100 32 27 de
1189 1100 2 39 r

139 1142 83 28 fonds
235 1150 71 27 pour
318 1142 38 31 les
374 1140 150 28 entretenir
539 1149 34 17 en
592 1140 57 26 bon
661 1140 53 24 état
729 1157 7 12 ,
756 1147 26 15 sa
797 1141 60 22 sont
878 1135 56 26 fort
950 1134 155 27 détériorés.
1123 1133 50 26 Les

139 1175 83 27 fonds
243 1174 123 37 spéciaux
385 1176 74 24 volés
484 1182 47 26 par
555 1173 37 26 les
611 1172 77 35 dépai
694 1176 103 20 temens
811 1188 6 11 ,
837 1179 78 34 Jioiir
937 1168 38 26 les
994 1173 110 21 travaux
1127 1166 45 26 des

141 1214 113 25 mutes,
275 1213 48 22 ont
341 1211 43 24 été
404 1207 144 27 détournés
568 1207 33 26 de
621 1200 70 39 leur,
700 1213 79 26 usage
798 1213 6 18 :
823 1200 14 39 i
852 1200 13 39 5
879 1200 109 39 millions
998 1201 113 32 500,000
1126 1200 45 33 fr-,

142 1245 112 34 déposés
263 1244 14 25 à
292 1247 41 22 cet
346 1241 63 26 effet
419 1243 14 24 à
450 1241 22 26 la
485 1240 79 27 caisse
578 1239 256 32 d'amortissement,
850 1246 35 17 en
899 1240 50 22 ont
960 1238 41 24 été
1015 1233 154 26 détournés.

142 1277 52 27 Un
208 1276 100 28 arriéré
326 1274 33 26 de
380 1276 59 34 plus
452 1274 34 25 de
501 1273 34 28 28
553 1272 118 27 millions
686 1272 79 26 existe
778 1281 51 15 aux
843 1274 79 31 ponts
935 1273 26 22 et
974 1269 137 26 chaussées
1127 1277 7 21 ;
1149 1271 25 21 et

144 1310 152 34 cependant
314 1307 294 27 cette'administration
624 1316 26 17 se
665 1311 125 20 trouvera
809 1304 111 33 chargée
935 1302 32 27 de
986 1307 59 20 tous
1059 1302 38 25 les
1115 1305 45 21 tra-

143 1352 69 18 vaux
228 1342 220 28 extraordinaires
471 1339 274 35 qu'occasionneront,
758 1337 40 26 les
815 1337 126 26 désastres
961 1336 31 26 dè
1010 1333 162 27 tadernièie

144 1385 149 26 campagne
308 1385 7 17 :
328 1381 87 22 trente
430 1380 80 30 ponts
527 1374 154 41 principaux
693 1376 48 21 ont
756 1375 43 22 été
813 1375 163 37 rotnguspou
992 1368 90 28 brûlés
1097 1377 6 19 :
1121 1375 53 19 Une

145 1410 158 34 réparation
330 1409 145 34 provisoire
490 1429 6 6 ,
521 1413 26 21 et
566 1410 148 24 seulement
733 1416 33 15 en
788 1404 57 27 bois
856 1424 7 13 ,
875 1408 115 25 .eputerâ
1013 1411 38 17 un
1068 1401 107 27 million-

146 1443 123 34 860,ôoô'
280 1443 35 26 frl
331 1444 48 24 On
399 1452 33 17 ne
452 1444 211 32 peutco'nn'cjitfe
679 1437 243 28 encoreTéténdue
931 1436 48 40 jjlei
989 1435 187 33 de-gradations

146 1479 97 34 qu'ont
255 1480 119 33 essuyées
391 1475 35 26 les
441 1475 109 32 routés,
567 1480 26 20 et
606 1468 26 32 iè
648 1478 123 22 montant
783 1472 45 27 dés
842 1478 116 21 sommes
972 1467 65 37 qù'il
1052 1468 92 26 faudra
1159 1478 15 25 y
1183 1481 8 8 «

145 1519 144 20 consacrer
302 1520 70 21 pour
387 1509 37 26 lès
436 1513 128 22 remettre
574 1509 38 27 èn'
621 1507 53 26 état
687 1518 6 20 ;
716 1507 67 26 mais
798 1514 38 18 on
852 1509 64 31 peut
930 1512 105 19 assurer
1048 1501 18 27 d
1075 1511 99 18 avance

145 1553 57 26 qqp
213 1547 70 24 celte
295 1541 116 37 dépense
422 1553 58 17 sera
495 1540 257 27 trés-ccnsidérablè.
765 1572 6 7 _
796 1540 2 39 .
1167 1571 7 8 ,

185 1579 48 25 Lès
246 1587 102 17 canaux
365 1581 60 21 sont
439 1585 34 17 en
491 1574 124 26 meilleur
621 1577 59 22 -état
697 1585 6 20 ;
720 1572 65 27 mais
797 1572 37 28 les
850 1570 169 35 travaux-qui
1039 1578 17 26 y
1074 1573 48 22 ont
1134 1572 40 24 été

145 1611 136 33 entrepris
294 1619 34 18 ne
339 1615 61 22 sont
411 1611 77 33 point
502 1609 135 28 terminés.
650 1609 37 25 Le
697 1606 74 27 canal
785 1605 32 26 de
827 1605 162 33 Bourgogne
1000 1613 14 17 a
1029 1603 60 34 déjà
1097 1604 77 25 coûté

149 1654 35 19 12
198 1644 130 31 millions;
347 1644 18 26 il
381 1652 33 17 en
426 1643 56 26 faut
496 1651 98 18 encore
608 1642 17 26 5
639 1650 70 26 pour
725 1650 33 18 en
775 1639 65 26 finir
855 1639 35 25 les
908 1637 167 34 réparations
1090 1645 6 18 :
1108 1642 67 21 cette

148 1677 151 35 entreprise
314 1681 27 22 et
357 1676 64 27 celle
439 1676 37 26 du
490 1675 73 31 canal
579 1675 33 26 de
635 1672 220 35 Saint-Quentin
874 1671 128 26 méritent
1017 1670 47 26 des
1077 1670 96 34 éloges,

149 1711 40 27 lie
204 1711 74 26 canal
293 1711 33 25 de
339 1709 132 34 l'Ourcq,
497 1709 130 34 entrepris
638 1717 46 17 sur
693 1716 38 18 un
748 1707 63 35 plan
821 1710 61 31 trop
894 1704 184 35 dispendieux,
1102 1703 74 34 exige

151 1754 103 18 encore
269 1755 52 17 une
338 1743 115 35 dépense
465 1742 59 26 d'au
536 1742 90 26 moins
643 1741 31 27 18
681 1741 128 27 millions.
830 1773 6 6 _
865 1741 2 38 .

190 1779 50 26 Les
250 1783 110 21 travaux
374 1776 32 26 de
423 1778 76 39 Rps
507 1781 50 21 ont
563 1778 43 28 été
617 1774 90 34 l'objet
716 1773 154 35 particulier
879 1772 46 27 des
1062 1781 99 25 gouver-

148 1818 129 28 nement,
287 1821 80 25 .parce
377 1811 63 34 qu'.il
454 1807 148 39 y-trqùyoit
615 1819 38 15 un
667 1811 97 33 moyen
778 1806 172 30 d'é.taler-ûne
963 1805 99 35 grande
1071 1806 89 34 magni-

149 1846 105 27 ficence
280 1850 27 22 et
330 1846 33 25 de
380 1854 27 17 se
430 1844 98 27 rendre
553 1843 137 35 populaire
704 1851 9 19 :
729 1840 195 37 quelques-uns
940 1838 32 27 dè
987 1848 43 17 ces
1046 1840 129 32 travaux,

152 1890 109 17 comme
276 1878 39 27 les
328 1878 64 34 cinq
406 1877 144 30 abattoirs,
575 1872 111 31 lahalle
702 1879 50 24 aiix
765 1874 59 25 vins
839 1879 26 20 et
878 1872 37 26 les
927 1872 138 30 marchés,
1085 1880 91 21 seront

150 1912 208 31 véritablement
376 1911 85 26 utiles.
489 1911 35 26 La
537 1910 124 35 dépense,
670 1910 45 26 des
726 1907 126 27 abattoirs
870 1905 69 27 seuls
956 1905 69 27 étoit
1039 1905 109 26 évaluée
1162 1907 15 24 à

152 1950 159 31 ra,800,000
327 1946 18 25 f.
357 1956 6 15 :
377 1944 19 26 il
407 1956 14 15 a
437 1944 60 34 déjà
511 1946 40 25 été
563 1946 63 32 payé
638 1943 144 34 7,860,000
796 1939 38 35 f.|;
849 1941 17 25 il
886 1945 69 21 reste
967 1938 71 28 donc
1049 1949 98 17 encore
1156 1941 21 28 )à

150 1990 103 25 payer,
266 1990 76 25 pour
364 1977 38 27 les
417 1978 146 32 terminer,
580 1977 148 32 5,120,000
741 1976 34 27 ir.
790 1975 94 34 Quant
896 1983 52 18 aux
959 1971 138 34 marchés,
1111 1971 19 27 il
1144 1983 35 17 ne

150 2016 60 25 faut
224 2015 60 33 plus
300 2022 54 26 que
367 2021 146 21 1,200,000
528 2010 31 30 fr,
574 2021 69 25 pour
654 2010 39 25 les
706 2009 65 27 finir
974 2041 7 7 _
1043 2020 22 9 ••
1075 2013 6 5 '
1114 2009 4 39 ,

165 2040 4 40 •
190 2047 125 27 D'autres
321 2052 123 28 travaux,
457 2044 115 28 destinés
579 2047 15 22 à
602 2042 242 27 l'embellissement
852 2041 32 27 de
891 2040 25 27 la
925 2040 118 35 capitale,
1052 2040 129 28 n'offrent

152 2091 58 25 que
229 2081 46 26 des
300 2085 139 28 avantages
454 2078 91 27 moins
559 2076 111 31 directs;
693 2076 30 26 ils
737 2086 34 17 ne
785 2075 112 26 doivent
908 2085 45 25 pas
965 2074 146 34 cependant
1124 2075 57 25 être

155 2119 61 21 fous
227 2113 175 27 abandonnés
441 2113 25 26 là
480 2111 210 41 dépense'totale
700 2119 33 18 en
745 2120 13 15 a
768 2113 44 24 été
820 2107 106 28 évaluée
935 2109 15 24 à
959 2107 159 33 53,5i0,000
1127 2107 52 32 fr.-;
1189 2107 4 45 -

154 2147 25 28 la
195 2147 117 33 dépense
320 2141 59 40 déjà
389 2146 63 26 faite
462 2150 39 22 est
508 2148 33 24 de
550 2146 159 33 24,191,000
719 2145 31 25 fr.
764 2164 7 11 ,
790 2153 47 17 sur
848 2141 110 35 lesquels
966 2152 37 15 on
1013 2140 58 27 doit
1083 2150 99 18 eucore

152 2191 19 18 a
189 2172 132 40 millions;
337 2179 25 27 la
379 2179 116 35 dépense
517 2179 46 34 qui
580 2184 65 21 reste
658 2179 15 25 à
689 2178 80 32 faire,
785 2186 14 25 y
817 2176 117 35 compris
952 2180 67 21 cette
1037 2174 145 26 detteest

152 2216 74 26 donc
240 2224 99 18 encore
354 2213 33 27 de
402 2212 163 35 3i,3ig,000
580 2212 32 26 fr.
630 2213 24 25 A
672 2211 22 27 la
709 2211 98 28 vérité,
824 2219 54 18 une
901 2210 85 34 partie
999 2207 32 27 de
1044 2212 67 22 cette
1130 2207 35 27 dé-

152 2258 84 26 pense
248 2249 59 26 doit
319 2250 56 25 être
389 2246 152 37 supprimée
550 2267 7 12 ,
578 2256 35 15 ou
628 2250 63 30 peut
703 2246 56 25 être
772 2244 136 33 ajournée.

191 2283 33 25 Le
247 2283 86 26 trésor
353 2282 89 34 public
456 2289 37 18 ne
515 2278 162 35 cqncoùroît
693 2288 113 26 presque
830 2276 91 34 jamais
941 2277 13 25 à
978 2283 41 19 ces
1039 2276 143 26 immenses

152 2316 161 34 entreprises
325 2324 7 18 :
348 2316 37 25 les
399 2314 122 27 bienfaits
534 2314 34 26 du
583 2316 213 31 gouvernement
814 2321 26 15 se
854 2309 152 28 rédusoient
1024 2310 15 25 à
1052 2309 130 27 autoriser

150 2349 39 27 les
204 2348 185 37 départemens
407 2350 15 24 à
437 2348 137 34 s'imposer
591 2347 45 26 des
656 2347 128 26 centimes
798 2343 177 27 additionnels
993 2353 76 26 pour,
1078 2343 115 41 fournir.

149 2393 53 17 aux
211 2382 202 27 -constructions
420 2382 135 25 décrétées
568 2391 6 17 :
589 2380 86 35 quand
687 2380 18 25 il
716 2380 57 26 leur
780 2378 206 35 permettoitdes
994 2376 185 35 suppléuiens,

149 2426 45 18 ces
213 2418 169 33 supplémeus
400 2415 130 27 n'éloient
547 2425 44 25 pas
609 2413 53 37 pris
680 2422 47 18 sur
745 2413 34 27 les
797 2412 78 26 fonds
891 2407 292 44 généraux,4e.d'Etat-;

149 2450 34 27 ils
196 2456 102 21 etoient
315 2450 112 27 dérobés
444 2457 50 18 aux
498 2453 172 22 'commîmes-
686 2457 45 15 sur
750 2446 69 26 leurs
840 2454 98 25 coupes
960 2443 223 30 extraordinaires

149 2484 37 26 «le
198 2484 57 26 bois
266 2478 5 38 ,
286 2494 37 17 ou
335 2492 47 19 sur
396 2484 71 26 leurs
478 2483 78 26 fonds
569 2483 79 26 libres
658 2480 109 35 déposés
782 2481 14 24 à
811 2479 24 26 la
844 2479 81 26 caisse
935 2478 247 27 d'amortissement,

152 2518 77 26 d'est
240 2518 69 27 ainsi
320 2526 58 26 que
398 2524 28 20 11
449 2515 119 30 millions
591 2520 48 20 ont
659 2517 41 24 été
723 2513 103 28 fournis
848 2523 67 25 pour
935 2511 35 26 les
985 2511 122 35 prisous,
1124 2516 26 21 et
1168 2511 15 25 5

151 2550 120 27 millions
287 2561 70 25 pour
369 2550 39 26 les
413 2550 100 34 -dépôts
528 2550 32 26 de
574 2548 144 27 mendicité
732 2557 6 18 ;
751 2552 66 21 celte
828 2545 152 28 institution
990 2545 46 26 des
1050 2544 92 35 dépôts
1150 2544 32 26 de

145 2584 150 27 mendicité
308 2584 104 35 exigera
419 2593 107 24 encore,
534 2593 71 25 pour
613 2584 58 25 èlre
680 2581 158 35 complétée,
853 2589 54 19 une
917 2578 116 37 dépense
1043 2578 139 30 d'environ

149 2617 148 34 8,800,000
311 2619 31 26 fiv
857 2617 17 22 :
874 2617 34 22 -/
963 2617 5 34 ;
978 2634 7 7 ,
1050 2617 5 34 ■

185 2652 51 27 On
250 2653 71 33 voit,
343 2652 103 35 d'après
464 2655 41 22 cet
524 2653 93 32 exprsé
638 2648 90 37 rapide
744 2654 27 20 et
791 2647 220 27 nécessairement
1025 2646 157 41 incomplet,

150 2686 90 35 quelle
254 2692 39 20 est
302 2687 22 26 la
338 2686 128 26 situation
480 2685 37 26 du
535 2685 139 26 ministère
692 2682 33 27 de
745 2681 148 27 l'intérieur
909 2681 143 26 considéré:
1063 2680 67 27 dans
1143 2689 40 18 ses

150 2720 115 26 «liverses
285 2719 181 27 attributions,
485 2719 129 25 L'arriéré
634 2717 32 26 de
686 2726 31 17 ce
731 2717 139 26 ministère
883 2725 34 15 ne
931 2720 64 27 peut
1007 2717 58 24 être
1084 2722 99 18 encore

149 2753 94 26 évalué
260 2763 65 17 avec
344 2751 148 28 exactitude
504 2763 7 20 ;
535 2752 34 26 les
583 2751 219 32 renseignemens
816 2747 144 27 demandés
974 2758 52 17 aux
1037 2747 97 41 préfets
1147 2756 35 17 ne

149 2792 61 20 sont
222 2797 45 25 pas
283 2792 60 20 tous
361 2786 118 31 arrivés;
503 2794 53 17 une
575 2785 151 26 estimation
741 2783 123 35 générale
875 2781 50 26 fixe
937 2787 43 20 cet
993 2783 189 25 arriéré.entre

149 2820 37 33 4o
201 2824 27 21 et
237 2820 32 25 5o
282 2819 128 27 millions.
424 2819 48 25 Les
485 2818 161 35 entreprises
657 2819 185 25 commencées
854 2820 28 21 et
893 2816 169 27 maintenant
1071 2824 97 26 suspen-

148 2855 69 27 dues
228 2854 178 34 exigeroient,
418 2863 71 26 pour
500 2855 57 24 être
570 2851 156 32 terminées,
739 2861 54 17 une
801 2858 105 18 somme
917 2857 98 19 encore
1026 2849 58 34 plus
1096 2848 74 28 consi-

152 2884 111 30 dérable
274 2897 7 19 ;
306 2887 33 26 de
365 2887 263 35 grandes'réformes
644 2890 48 20 ont
706 2884 58 34 déjà
782 2887 43 25 été
843 2883 92 33 faites,
953 2893 37 17 on
1010 2891 35 18 en
1068 2890 78 19 verra
1160 2882 26 26 la

152 2929 102 26 preuve
267 2921 66 26 dans
354 2921 24 26 le
397 2920 222 35 budjei-prOposé
637 2929 70 30 pour
722 2922 70 22 cette
804 2920 85 24 année
902 2926 6 22 ;
928 2916 65 26 mais
1007 2916 60 26 leur
1076 2916 63 26 effet
1152 2926 32 15 ne

148 2960 69 30 peut
228 2961 100 20 encore
338 2954 104 27 seîfàire
451 2955 85 26 sentir
543 2963 6 21 ;
563 2959 26 20 et
602 2953 60 26 telle
677 2957 37 20 est
722 2957 79 20 notre
811 2950 135 32 situation,
959 2959 52 25 que
1022 2949 37 27 les
1070 2948 116 27 funestes

149 2991 202 31 conséquences
363 2987 45 28 des
419 2988 155 33 opérations
585 2986 34 27 du
628 2986 111 26 dernier
748 2988 214 32 gouvernement
971 2994 27 14 se
1006 2982 171 34 développenl-

149 3021 171 26 maintenant
338 3021 66 25 dans
425 3026 73 20 toute
522 3020 60 26 leur
595 3019 130 33 étendue,
749 3019 86 28 tandis
855 3026 53 26 que
921 3018 38 25 les
978 3017 123 27 résultats
1115 3017 56 27 salu-

151 3054 80 27 taires
250 3054 47 26 des
314 3054 155 35 opérations
491 3053 143 26 nouvelles
653 3053 138 26 tarderont
815 3060 98 19 encore
935 3051 165 34 long-temps
1117 3052 19 24 à
1157 3059 27 15 se

149 3087 169 33 manifester-,
600 3098 34 24 v-.-
698 3091 25 25 d'
914 3087 2 34 -
920 3098 19 13 A
954 3087 1 34 '
1162 3087 4 34 1
1180 3087 4 34 ;

507 3135 137 27 ministère
651 3133 33 26 de
693 3135 27 24 la
731 3141 96 25 guerre.

164 3190 4 44 '
182 3195 77 27 Nous
270 3204 37 18 ne
322 3203 122 26 pouvons
456 3196 139 38 présenter
607 3203 47 17 sur
666 3193 24 26 le
705 3191 136 27 ministère
862 3190 33 27 de
915 3191 25 25 la
961 3200 96 26 guerre
1071 3197 53 27 que
1137 3190 46 26 des

151 3227 124 30 résultats
288 3228 215 40 àpproiimàtifs,
519 3227 67 27 dont
602 3224 163 28 l'exactitude
781 3235 37 17 ne
826 3224 102 27 satiroit
941 3227 57 24 être
1009 3223 128 37 garantie.
1150 3224 35 25 Là

150 3263 67 26 étoit
230 3262 26 26 le
269 3261 120 37 principe
402 3262 37 25 du
452 3262 67 30 mal;
536 3261 33 26 de
587 3261 21 26 là
624 3266 39 20 est
674 3269 71 17 venu
765 3260 24 26 le
806 3257 130 30 désordre
954 3257 45 35 qui
1015 3259 59 26 s'est
1087 3257 99 26 tfdiiJu

154 3296 67 28 dans
239 3301 89 21 toutes
344 3295 38 26 les
400 3294 98 35 partie.!
511 3294 35 26 de
561 3293 231 28 l'administration
803 3302 56 18 von
875 3298 58 22 sent
944 3301 53 25 que
1013 3300 28 18 ce
1057 3292 129 27 désordre

152 3330 92 27 devoit
256 3332 57 24 être
331 3328 57 35 plus
405 3328 84 35 grand
506 3337 97 18 envore
619 3327 64 26 dans
699 3327 22 26 le
735 3326 138 27 ministère
886 3326 47 34 qui
953 3335 34 18 en
1006 3326 65 26 étoit
1088 3326 5 39 ,
1117 3333 72 32 pour

152 3357 79 40 ainsi'
243 3364 73 32 dire,
341 3363 25 26 le
387 3367 91 21 centre
496 3367 26 20 et
539 3363 24 25 le
583 3363 81 34 loyer.
691 3357 46 30 Les
754 3360 129 26 désastres
900 3359 45 26 des
965 3359 66 26 trois
1050 3359 137 26 dernières

151 3406 162 26 campagnes
332 3400 48 21 ont
402 3397 97 34 plongé
517 3396 65 26 dans
602 3396 25 25 le
651 3394 81 26 chaos
754 3398 76 25 cette:
847 3393 216 26 administration
1085 3392 59 34 déjà
1165 3393 21 25 si

151 3431 184 34 Compliquée;
348 3430 45 26 des
406 3430 193 27 commissaires
608 3428 172 35 liquidateurs
790 3432 48 22 ont
849 3431 40 24 été
900 3428 110 35 chargés
1025 3426 164 28 d'examiner

152 3465 39 28 les
202 3470 89 26 pertes
302 3463 74 27 faites
386 3463 66 27 dans
468 3472 43 18 ces
521 3470 156 33 campagnes
686 3468 26 20 et
725 3462 34 25 les
771 3462 84 26 dettes
867 3461 45 35 qui
926 3470 34 17 en
971 3465 61 21 sont
1042 3461 128 26 résultées
1178 3470 7 21 ;

152 3509 67 18 mais
230 3504 60 21 tous
307 3497 35 26 les
356 3496 146 27 matériaux
514 3496 159 26 nécessaires
693 3497 14 24 à
722 3506 31 17 ce
775 3495 93 27 travail
886 3504 34 17 ne
941 3500 61 21 sont
1024 3504 44 25 pas
1088 3503 99 18 encore

150 3535 152 30 retrouvés,
321 3536 26 20 et
356 3531 56 28 l'on
423 3541 35 14 ne
474 3535 63 31 peat
549 3541 14 25 y
573 3529 124 37 suppléer
706 3540 52 24 que
776 3540 47 25 par
837 3529 45 26 des
895 3529 164 26 évaluations
1072 3529 60 34 plus
1150 3536 37 18 ou

150 3568 91 27 inoins
253 3566 168 26 incertaines.

185 3602 84 25 L'état
279 3600 34 27 de
327 3600 22 26 la
365 3599 72 27 force
449 3601 90 25 armée
549 3596 33 28 de
595 3604 72 21 terre
684 3607 50 25 que
746 3596 133 38 possédoil
895 3595 25 27 la
934 3595 118 33 France,
1069 3605 34 18 au
1119 3594 69 27 mois

152 3634 33 30 de
198 3635 54 28 mai
265 3633 126 33 dernier,
413 3632 119 27 s'élevoit
546 3634 15 24 à
576 3631 57 35 plus
650 3632 33 25 de
697 3633 118 31 630,000
828 3627 135 37 hommes,
980 3640 37 17 en
1029 3640 17 26 y
1062 3640 113 25 compre-

150 3674 67 28 nant
243 3669 24 26 la
291 3666 201 35 gendarmerie,
510 3666 35 27 les
563 3666 138 32 vétérans,
720 3665 38 26 les
778 3664 126 27 invalides
924 3670 26 20 et
970 3665 44 26 les-
1026 3664 162 28 canoniiiers

150 3704 187 35 gardes-côtes,
354 3699 260 35 Indépendamment
626 3696 34 30 dé
676 3703 69 21 cette
757 3698 73 26 force
841 3718 6 12 ,
860 3698 19 26 il
889 3698 81 27 existe
989 3705 109 28 122,097
1111 3698 61 26 mili-

150 3741 80 25 taires
242 3737 33 26 de
289 3738 60 24 fout
364 3733 79 37 grade
456 3733 126 37 jocissaai
595 3733 33 27 de
639 3733 24 26 la
676 3731 76 30 solde
763 3731 32 27 de
813 3732 107 26 retraite
935 3743 33 17 ou
985 3732 34 27 du
1032 3732 155 26 traitement

152 3772 37 34 d£
198 3770 126 37 réforme.
357 3777 14 7 -

1455 126 72 27 nulle
1544 126 161 37 prisonniers
1716 133 67 18 nous
1796 124 159 26 reviennent
1972 122 33 27 de
2022 122 112 33 Presse,
2147 122 77 26 d'Au-

1209 162 85 27 triche
1302 183 6 12 ,
1324 161 187 35 d'Angleterre
1526 167 26 20 et
1565 159 32 27 de
1612 159 103 27 Russie.

1247 194 184 34 L'état-major
1446 195 34 26 de
1494 194 124 33 l'année,
1642 203 17 26 y
1677 191 117 37 compris
1814 191 26 26 le
1853 201 78 25 corps
1945 189 45 27 des
2003 189 226 35 ingénieurs-géo-

1209 228 129 37 graphes,
1351 228 46 26 des
1410 228 226 35 inspecteurs'aux
1648 236 94 18 revues
1754 229 25 24 et
1788 226 46 27 des
1847 223 195 28 commissaires
2054 222 46 27 des
2113 230 109 27 guerres
2236 240 7 11 ,

1209 272 27 17 se
1251 273 125 25 compose
1387 261 32 26 de
1434 261 76 33 1,874
1521 261 142 27 individus.
1909 292 6 6 .
2140 287 25 9 ~

1247 294 35 28 La
1408 294 132 27 d'activité
1550 302 7 19 ;
1584 294 34 26 de
1646 294 25 27 la
1696 302 84 19 masse
1809 292 154 28 ordinaire,
1991 291 47 27 des
2072 288 172 35 supplémeos

1212 330 109 35 d'étape"
1330 335 26 20 et
1364 326 47 30 des
1423 327 163 28 indemnités
1599 327 33 27 de
1646 332 61 22 tout
1720 337 79 25 genre
1814 346 7 12 ,
1834 326 91 26 dévoil
1937 325 125 31 s'élever,
2076 332 71 27 pour
2161 320 81 33 1814,

1253 381 306 9 ...........
1802 361 12 24 V
1833 379 7 7 .
1860 369 6 6 •
2065 361 181 26 202,000,000

1247 397 50 27 Les
1306 397 85 27 soldes
1403 394 33 27 de
1444 397 109 26 retraite
1566 400 26 22 et
1605 394 157 28 traitemens
1774 393 33 27 de
1820 393 118 27 réforme
1951 391 125 27 dévoient

1213 431 112 30 coûter,,
1364 450 7 6 .
1410 450 7 5 .
1457 448 7 7 ,
1502 448 9 9 •
1550 450 7 7 ,
1591 449 8 6 .
1638 445 7 9 .
1683 448 7 8 ,
1729 448 7 6 .
1776 448 6 6 .
1821 448 6 6 .
1854 436 17 17 '.
1996 445 7 6 ,
2042 445 6 6 .
2081 423 105 34 04,000,
2190 429 56 19 000

1674 495 79 27 Total
1833 510 191 9 .....
2068 489 123 32 236.000,
2194 496 52 19 0a0

1248 531 35 25 La
1299 540 98 26 guerre
1413 530 32 26 de
1463 522 41 44 181
1519 522 13 44 a
1546 522 27 44 et
1592 528 65 28 iBl3
1674 540 15 15 a
1703 528 112 33 détruit,
1830 537 37 17 en
1879 528 76 26 effets
1968 524 155 30 d'artillerie
2135 528 28 21 et
2173 522 61 34 d'ap-

1214 566 248 34 provisionnemens
1474 563 33 26 de
1519 572 96 26 guerre
1628 562 32 26 de
1672 568 60 20 tout
1742 570 94 26 genre,
1847 572 39 15 un
1898 560 93 34 capital
2004 559 34 27 de
2050 559 51 26 250
2113 555 132 30 millions.
2259 555 4 45 1

1250 599 102 35 De,]ùis
1364 598 77 33 180.4,
1455 596 151 26 l'entretien
1620 595 45 28 des
1680 594 126 38 placesdc
1821 600 97 30 guerre
1929 594 34 26 de
1981 593 149 27 l'ancienne
2140 589 106 28 France

1213 640 14 19 a
1234 633 83 25 Voûté
1330 632 33 26 55
1376 632 119 26 millions
1501 640 7 21 ;
1521 635 27 21 et
1565 630 69 27 celui
1650 628 45 27 des
1708 630 85 35 places
1802 628 33 26 dé
1847 637 97 26 guerre
1958 626 97 28 situées
2062 625 70 39 dans_
2139 624 37 27 les
2186 631 61 28 pays

1213 665 128 34 auxquels
1354 665 22 26 la
1387 664 103 27 France
1502 672 120 19 renonce
1638 663 189 34 aujourd'hui,
1847 663 60 26 s'est
1920 660 72 27 élevé
2006 663 18 24 à
2036 659 45 26 iis
2093 658 129 27 millions.

1248 699 44 27 Eu
1306 702 105 22 résumé
1424 718 7 13 ,
1453 698 22 26 le
1489 698 94 33 liudjel
1594 698 37 26 du
1645 697 137 26 ministère
1795 696 34 26 de
1847 696 22 27 la
1887 704 96 26 guerre
2000 694 177 34 proprement
2190 690 58 32 dit,

1213 732 72 27 avàit
1294 732 180 34 été'lixépour
1480 736 63 21 tous
1553 731 37 26 les
1599 731 116 26 services
1723 729 105 34 réunis,
1844 729 118 35 pendant
1972 725 136 30 l'exercice
2121 724 33 27 de
2166 723 81 34 1814,

1214 769 14 24 à
1240 765 51 32 3,lip
1305 765 131 30 millions.

1235 793 5 41 '
1250 796 48 32 On
1311 800 47 26 sait
1372 809 52 25 que
1435 793 5 41 ,
1456 797 94 35 depuis
1565 797 128 37 quelques
1704 800 99 24 années
1814 816 7 14 ,
1838 806 28 17 ce
1879 796 139 26 ministère
2035 794 65 26 étoit
2117 793 132 30 jhviscen

1214 833 67 27 deux
1303 834 115 34 parties,
1439 831 24 27 le
1475 833 141 26 ministère
1630 833 33 24 de
1677 831 22 27 la
1721 840 94 26 guerre
1834 835 28 20 et
1876 828 70 27 celui
1964 828 33 27 de
2016 826 231 28 l'administration

1214 866 33 28 de
1263 868 24 26 la
1297 876 104 26 guerre.
1416 867 51 25 Les
1479 865 126 35 dépenses
1617 865 34 26 de
1671 874 32 18 ce
1724 863 110 27 dernier
1850 862 139 28 ministère
2009 866 48 22 ont
2069 862 43 25 été
2127 861 120 33 portées,

1250 900 46 27 En
1312 900 78 33 1812,
1402 900 24 26 à.
1449 914 485 12 .................
1957 915 6 7 .
1981 906 12 15 0
2016 913 7 7 .
2060 894 189 32 238,000,000.

1250 927 141 38 EnïBi3,
1410 952 7 7 .
1443 951 8 8 .
1474 951 7 7 .
2050 927 197 35 374,000,000.

1250 967 44 27 En
1378 986 8 13 ,
1407 965 63 28 elles
1483 965 131 35 jdevoient
1626 965 110 27 s'élever
1747 966 15 25 à
1776 984 7 7 .
1807 985 7 6 .
1835 984 7 6 .
1954 981 6 6 .
1983 983 7 6 .
2013 981 7 6 .
2056 960 190 41 380_,00b,000.

1215 1002 38 26 Ce
1270 1000 47 35 qtti
1318 991 4 45 ;
1331 1000 92 27 auroit
1440 998 47 28 fait
1501 1010 70 26 pour
1585 999 105 27 l'année
1706 998 76 34 1814,
1800 1003 77 21 entre
1896 998 38 26 les
1955 996 69 27 deux
2048 994 149 27 ministères
2216 991 35 27 de

1217 1035 24 26 la
1256 1044 109 27 guerre,
1384 1044 54 15 une
1453 1033 116 34 dépense
1581 1032 33 26 de
1631 1032 48 35 740
1693 1031 126 27 millions.

1251 1068 78 28 Aussi
1355 1064 119 32 l'arriéré
1495 1063 32 30 de
1551 1076 41 17 ces
1615 1067 69 26 deux
1710 1067 148 25 ministères
1877 1063 67 27 est-il
1967 1067 129 28 énorme;
2118 1059 69 28 celui
2212 1058 39 30 du

1209 1102 143 26 ministère
1384 1101 33 26 de
1450 1101 24 26 la
1501 1109 97 26 guerre
1618 1109 30 17 se
1669 1104 112 30 monte,
1807 1098 104 35 d'après
1945 1097 47 33 les,
2003 1100 65 24 états
2093 1097 136 33 présentes
2241 1113 8 12 ,
2261 1102 9 2 '

1217 1137 15 24 à
1257 1147 12 15 ;•
1305 1154 7 7 .
1349 1134 7 27 1
1378 1129 4 33 '
1400 1154 6 6 .
1439 1135 25 25 V
1491 1154 6 6 .
2068 1131 181 30 104,000,000

1252 1168 117 32 Efçelui
1382 1168 33 26 de
1426 1167 234 35 l'administration
1670 1166 32 27 de
1721 1167 22 27 la
1755 1174 98 27 guerre
1865 1167 26 25 à.
1929 1182 8 9 .
1976 1183 6 7 .
2023 1183 6 6 .
2066 1162 185 35 167,000,000

1772 1233 87 27 Total.
1898 1252 6 5 .
1944 1252 7 6 .
1990 1251 6 6 •
2035 1250 6 7 •
2069 1231 182 32 361,000,000

1252 1270 70 26 Mais
1339 1279 43 17 ces
1396 1274 65 21 clats
1476 1278 35 18 ne
1530 1273 61 22 sont
1611 1270 74 33 point
1704 1267 130 35 complets
1854 1276 9 18 :
1879 1266 39 27 les
1938 1274 124 18 créances
2083 1265 67 26 dont
2169 1263 32 26 ils
2224 1271 27 17 se

1218 1309 158 33 composent
1391 1313 37 15 ne
1442 1309 60 20 sont
1520 1303 128 34 liquidées
1665 1303 81 33 qu'en
1760 1303 85 32 partie
1857 1311 7 20 ;
1879 1300 117 26 l'arriéré
2010 1299 46 26 des
2066 1300 105 24 armées
2185 1304 50 26 pen-

1217 1337 65 27 dant
1305 1337 39 26 les
1367 1339 99 24 années
1491 1336 61 26 iBn
1564 1356 6 13 ,
1599 1336 79 32 18x3,
1709 1333 63 27 iBi3
1789 1341 26 20 et
1840 1335 83 33 xBi4,
1944 1338 39 21 est
2003 1342 100 18 encore
2119 1331 131 26 inconnu.

1220 1370 81 27 Enfin
1317 1391 8 12 ,
1348 1381 34 15 on
1409 1371 43 34 n'y
1472 1381 14 15 a
1507 1381 45 24 pas
1577 1369 118 35 compris
1716 1368 58 37 plus
1794 1368 33 26 de
1853 1375 46 19 100
1920 1367 120 27 millions
2062 1365 46 34 qui
2137 1368 47 22 ont
2207 1363 45 25 été

1218 1404 185 28 ordonnancés
1422 1413 47 26 par
1489 1403 38 26 les
1546 1402 67 27 deux
1633 1403 174 31 ministères,
1820 1411 70 25 que,
1906 1410 50 25 par
1975 1401 181 32 conséquent,
2169 1396 33 27 ils
2216 1406 35 17 ne

1219 1433 138 39 comptent
1369 1436 60 35 plus
1443 1437 65 26 dans
1522 1436 59 27 leur
1592 1436 72 26 dette
1675 1456 7 11 ,
1695 1436 67 26 mais
1775 1446 52 25 que
1843 1434 22 27 le
1879 1437 86 24 trésor
1980 1433 44 26 n'a
2039 1442 37 25 pu
2087 1440 86 27 payer.
2184 1463 7 7 _

1254 1473 133 33 Ajoutons
1403 1472 64 34 qu'il
1479 1472 57 25 faut
1550 1472 69 25 aussi
1631 1469 176 41 comprendre
1822 1469 65 26 dans
1905 1467 38 27 les
1957 1466 130 38 dépenses
2105 1463 131 28 occasion-

1220 1508 63 22 nées
1296 1514 48 26 par
1358 1505 24 26 la
1396 1513 109 26 guerre,
1524 1512 43 19 ces
1579 1504 171 34 réquisitions
1772 1502 67 27 dont
1856 1511 70 18 nous
1939 1511 83 17 avons
2034 1499 59 35 déjà
2106 1498 73 37 parlé
2192 1517 8 8 ,
2225 1501 28 22 et

1219 1539 128 35 plusieurs
1359 1544 89 20 autres
1460 1537 85 34 objets
1563 1537 44 35 qui
1619 1557 7 13 ,
1644 1547 69 24 pour
1724 1537 104 26 n'avoir
1840 1545 46 25 pas
1898 1537 40 25 été
1955 1537 14 24 à
1984 1535 24 25 la
2023 1533 97 34 charge
2134 1532 37 26 du
2184 1533 47 24 tré-

1218 1583 60 22 sor,
1300 1572 77 25 n'ont
1398 1581 45 25 pas
1462 1572 89 25 moins
1571 1572 59 33 pesé
1651 1580 46 15 snr
1720 1570 25 26 la
1766 1570 100 27 nation.
1890 1567 74 27 Telle
1987 1578 15 15 a
2022 1570 40 24 été
2086 1567 25 25 la
2133 1565 118 39 dépense

1219 1606 45 26 des
1277 1605 92 35 gardes
1383 1604 170 31 d'honneur,
1571 1609 25 21 et
1610 1603 47 27 des
1672 1604 80 26 offres
1765 1604 33 25 de
1813 1603 126 27 cavaliers
1957 1603 105 25 montés
2076 1605 27 21 et
2118 1602 130 32 équipés;

1220 1641 113 33 dépense
1348 1638 46 34 qui
1403 1639 59 26 s'est
1473 1638 109 33 élevée,
1594 1648 72 26 pour
1674 1638 35 26 les
1720 1637 185 35 départemerts
1917 1635 33 26 de
1958 1635 150 26 l'aimienne
2121 1633 104 26 France
2238 1651 12 13 ,

1220 1675 14 25 à
1252 1671 50 35 15,6
1315 1671 12 35 i
1339 1671 61 35 1,041
1416 1672 34 26 fr.

1493 1719 18 26 •.
1566 1719 137 26 Ministère
1715 1719 34 26 de
1759 1720 28 24 la
1801 1720 103 25 marine.

1253 1778 39 27 Ta
1305 1779 104 28 marine
1424 1778 125 27 militaire
1561 1779 63 28 s'est
1639 1776 223 30 successivement
1877 1773 119 30 affoiblie
2020 1783 50 25 par
2085 1773 39 26 les
2140 1780 113 27 moyens

1217 1815 93 22 mèthe
1325 1811 61 35 qui,
1402 1811 93 37 depuis
1509 1817 126 28 quatorze
1649 1820 63 25 ans,
1730 1815 48 21 ont
1794 1812 41 25 été
1852 1809 132 35 employés
2002 1818 72 26 pour
2092 1806 40 27 lui
2145 1806 109 27 donner

1219 1845 169 40 l'apparence
1402 1845 34 27 de
1449 1845 22 26 la
1482 1845 83 30 force.
1648 1845 4 40 ■
1768 1846 7 8 '
1897 1877 7 6 _
2062 1876 6 7 .
2203 1874 9 8 ,

1257 1880 76 26 Faire
1345 1890 48 15 sur
1403 1884 87 21 toutes
1504 1878 37 27 les
1556 1877 71 28 côtes
1636 1877 117 35 l'étalage
1765 1877 81 27 d'une
1859 1877 137 37 puissance
2009 1876 106 33 factice,
2137 1874 119 35 paroître

1219 1913 118 26 méditer
1348 1913 45 25 des
1407 1911 100 37 projets
1525 1912 181 35 gigantesques
1717 1931 6 9 ,
1747 1909 86 28 tandis
1846 1919 53 26 que
1916 1910 37 27 les
1963 1919 129 26 moyens,
2107 1909 66 26 dans
2193 1909 64 26 leur
2268 1909 5 39 -

1221 1946 169 40 exagération
1403 1948 105 32 même,
1526 1948 102 26 étoient
1639 1944 154 30 insuffisans
1804 1964 7 13 ,
1827 1954 34 18 ne
1874 1943 61 27 voir
1946 1944 77 27 dans,
2031 1943 38 27 les
2081 1943 126 26 hommes
2218 1941 38 27 da

1221 1990 59 17 mer
1296 1990 50 25 que
1363 1981 46 26 des
1424 1988 109 19 recrues
1546 1980 161 28 éventuelles
1721 1988 69 26 pour
1801 1978 110 26 l'armée
1923 1977 32 27 de
1964 1982 73 21 terre
2049 1995 7 14 ,
2075 1975 72 28 voilà
2164 1974 24 27 le
2205 1984 39 26 sys-

1224 2016 70 27 tème
1311 2020 196 22 constamment
1520 2013 69 27 suivi
1600 2020 51 28 par
1664 2013 24 27 le
1700 2016 215 31 gouvernement
1928 2011 46 34 qui
1983 2010 79 27 vient
2074 2007 34 31 de
2122 2009 67 26 finir
2199 2029 8 11 ,
2228 2013 30 21 et

1224 2048 48 34 qui
1281 2048 18 28 à
1311 2050 94 24 amené
1416 2046 246 31 l'anéantissement
1676 2047 32 26 de
1723 2046 24 30 la
1762 2046 156 37 population
1931 2044 137 26 maritime
2078 2062 7 12 ,
2107 2048 26 21 et
2150 2043 107 25 l'entier

1224 2081 167 35 épùisernèut
1403 2080 33 26 de
1449 2089 50 18 nos
1513 2089 128 18 arsenaux
1652 2081 53 24 i.es
1717 2079 214 34 représentation
1942 2078 46 26 des
1997 2078 137 26 hommess
2146 2076 37 28 lés
2197 2076 60 34 plus

1224 2118 94 31 sènsés,
1328 2113 45 27 des
1383 2113 102 28 marins
1492 2113 39 27 les
1541 2114 59 35 plus
1610 2113 206 35 expérimentés,
1828 2111 145 31 l'évidence
1984 2111 149 26 matérielle
2146 2111 110 32 même,

1214 2150 99 28 Turent
1325 2150 123 33 toujours
1459 2147 89 27 vaines
1559 2157 71 30 pour
1641 2150 103 24 arrêter
1755 2156 43 21 çes
1807 2144 77 27 folles
1896 2144 159 35 entreprises
2062 2156 6 19 ;
2080 2152 44 21 ces
2135 2151 122 20 mesures

1222 2183 130 26 violentes
1363 2181 46 34 qui
1424 2183 202 34 appartenoieht
1637 2183 64 26 àun
1722 2179 59 37 plan
1794 2178 33 27 de
1840 2178 170 27 domination
2023 2177 150 35 oppressive
2191 2176 67 27 dans

1224 2222 87 20 toutes
1325 2226 39 15 ses
1378 2216 103 34 parties.
1507 2216 5 34 .

1259 2249 73 27 C'est
1348 2250 66 25 ainsi
1433 2249 79 34 qu'en
1533 2248 64 34 1804
1612 2258 37 15 on
1668 2257 124 25 annonça
1807 2248 209 27 fastueusement
2030 2246 25 27 le
2072 2246 87 34 projet
2173 2245 84 27 d'une
2270 2245 4 38 '

1225 2283 122 26 descente
1357 2293 34 15 en
1406 2282 168 35 Angleterre.
1587 2281 120 30 Aussitôt
1716 2291 39 17 un
1766 2287 61 30 port
1837 2283 37 24 où
1885 2281 56 26 l'on
1951 2281 33 26 né
1991 2281 92 26 devoit
2092 2281 93 34 jamais
2194 2278 63 27 voir

1226 2327 51 25 que
1289 2316 46 27 dés
1346 2317 115 40 barques
1474 2316 33 26 de
1517 2315 96 37 pêches
1625 2321 26 21 et
1664 2315 45 27 des
1721 2315 158 37 paquebots,
1899 2320 39 20 est
1948 2314 122 32 converti
2082 2323 35 17 en
2132 2319 38 21 Un
2183 2317 74 22 vaste

1226 2350 103 30 arsenal
1339 2349 133 30 maritime
1485 2360 7 21 ;
1505 2359 35 17 on
1551 2349 46 26 fait
1610 2349 46 26 des
1667 2354 109 21 travaux
1788 2347 187 38 hydrauliques
1985 2350 146 26 immenses
2145 2356 46 18 sur
2202 2355 57 18 une

1227 2382 72 37 plage
1305 2394 52 25 que
1363 2383 40 26 les
1410 2388 76 22 vents
1499 2388 27 21 et
1535 2383 38 26 les
1581 2385 104 25 marées
1696 2388 132 21 couvrent
1840 2391 59 18 sans
1915 2392 69 18 cesse
1996 2383 33 26 de
2041 2382 70 28 sable
2118 2392 7 21 ;
2133 2392 37 17 on
2179 2380 78 27 eleve

1227 2420 13 24 à
1253 2418 96 39 grands
1358 2418 63 26 frais
1431 2418 45 26 des
1487 2418 79 30 forts,
1579 2418 46 26 des
1638 2415 137 34 batteries,
1795 2417 47 26 des
1852 2415 120 34 ateliers,
1996 2417 46 27 des
2053 2415 130 34 magasins
2193 2424 6 17 :
2211 2413 48 34 dp»

1227 2451 109 26 milliers
1344 2450 33 27 de
1388 2450 130 27 bâtimens
1526 2453 60 24 sont
1597 2450 50 27 mis
1657 2459 33 17 en
1703 2450 182 26 construction
1894 2470 9 12 ,
1918 2456 60 21 sont
1991 2450 107 26 achetés
2113 2459 46 17 sur
2169 2453 90 22 toutes

1227 2485 37 26 les
1273 2486 71 28 côtes
1357 2485 33 28 de
1403 2483 130 33 l'.Océan,
1546 2484 65 27 dans
1620 2483 148 30 l'intérieur
1779 2483 46 26 des
1832 2483 122 33 rivières,
1967 2494 59 15 sans
2037 2483 156 27 considérer
2203 2481 59 28 s'ils

1221 2524 138 30 pourront
1378 2518 125 37 parvenir
1522 2529 34 15 au
1569 2517 56 27 lieu
1644 2519 111 32 marqué
1772 2528 70 22 pour
1861 2516 61 27 leur
1936 2518 113 26 réunion
2057 2528 6 21 ;
2076 2517 73 26 Paris
2166 2516 92 27 même

1227 2552 56 26 voit
1304 2551 66 28 dans
1390 2562 39 17 ses
1448 2561 73 18 murs
1539 2562 27 19 se
1580 2548 104 31 former
1700 2561 38 17 un
1753 2550 120 27 chantier
1893 2552 91 31 naval;
2002 2552 38 27 les
2063 2551 74 30 bois,
2153 2550 39 26 les
2207 2561 33 24 ap-

1220 2585 256 34 'prôvisioniieméris
1500 2587 35 26 les
1557 2585 58 34 plus
1641 2584 123 37 précieux
1783 2589 63 24 sont
1866 2588 138 24 consacrés
2027 2587 14 25 à
2060 2584 165 32 construire,
2239 2585 17 27 à

1227 2628 91 18 aimer
1335 2628 43 18 ces
1397 2621 112 25 bateaux
1527 2620 32 26 de
1573 2620 152 26 différentes
1744 2621 120 32 espèces,
1889 2620 46 33 qui
1956 2619 135 27 n'avoient
2104 2628 47 30 pas
2166 2619 93 26 même

1227 2653 184 34 l'iivaiitagéde
1429 2653 130 26 convenir
1574 2654 15 25 à
1603 2653 60 26 leur
1678 2652 159 27 destination
1851 2652 5 35 !
1872 2652 34 26 Et
1930 2662 50 25 que
1996 2652 125 27 reste-t-il
2141 2652 102 33 aujour-

1227 2686 74 30 d'Uui
1313 2687 33 25 de
1367 2692 61 20 tous
1442 2696 40 15 ces
1501 2696 151 17 armemens
1664 2685 12 27 ?
1694 2683 46 28 des
1761 2685 89 27 débris
1869 2685 33 26 de
1932 2686 130 35 quelques
2075 2686 115 34 barques
2199 2695 7 22 ;
2225 2685 34 27 de

1227 2720 167 35 déplorables
1403 2725 118 30 comptes
1533 2720 45 34 qui
1585 2724 124 22 attestent
1726 2728 52 26 que
1788 2738 7 14 ,
1821 2728 70 26 pour
1900 2722 77 24 créer
1990 2725 26 21 et
2027 2720 60 26 voir
2094 2730 28 17 se
2139 2718 120 27 détruire

1227 2754 220 26 successivement
1468 2759 66 20 cette
1558 2753 94 26 flotille
1669 2752 188 27 monstruéuse
1869 2772 8 14 ,
1897 2753 59 35 plus
1975 2752 33 28 de
2030 2757 60 22 cent
2114 2752 145 35 cinquante

1228 2787 117 27 millions
1357 2793 48 20 ont
1419 2790 41 24 été
1470 2786 116 28 sacrifiés
1598 2786 92 35 depuis
1703 2786 66 27 iBo3
1781 2786 103 35 jusqu'à
1899 2796 32 17 ce
1944 2787 72 34 jour.
2028 2786 76 27 Tout
2120 2796 32 18 ce
2166 2796 52 26 que
2232 2785 27 27 le

1227 2822 83 25 talent
1320 2822 47 26 dès
1380 2820 207 34 ingénieurs,Tg
1603 2822 188 34 persévérance
1801 2829 163 26 courageuse
1974 2820 47 27 des
2034 2820 102 26 marins
2146 2819 113 37 pouvoit

1227 2855 80 26 faire.
1333 2865 37 15 011
1383 2855 33 26 l'a
1419 2855 54 27 voit
1487 2854 102 27 obtenu
1602 2864 47 17 sur
1661 2852 117 28 l'Escaut
1793 2863 8 24 ;
1820 2863 34 18 en
1869 2864 53 25 peu
1935 2855 33 26 de
1981 2859 85 30 temps
2085 2863 53 17 une
2148 2854 109 27 escadre

1230 2888 163 26 nombreuse
1407 2887 113 37 navigue
1531 2888 151 26 facilement
1691 2896 48 18 sur
1752 2897 38 15 un
1800 2887 94 35 [fleuve
1915 2897 52 25 que
1983 2888 58 26 l'on
2062 2887 103 39 croyoit
2179 2889 66 24 inac-

1228 2919 110 31 cessible
1356 2924 14 25 à
1393 2922 33 25 de
1444 2920 98 38 grands
1563 2923 132 26 bâtiméns
1717 2919 44 28 de'
1772 2930 94 26 guerre
1879 2930 7 18 :
1902 2921 34 26 de
1956 2922 149 27 nombreux
2120 2920 142 35 équipages

1228 2955 99 27 formés
1342 2965 48 26 par
1403 2954 37 28 les
1449 2956 73 25 soins
1537 2955 65 27 d'un
1616 2955 97 27 amiral
1728 2955 90 26 habile
1830 2975 8 13 ,
1858 2954 144 28 secondent
2016 2954 91 37 quand
2122 2954 20 26 il
2156 2955 57 27 faut
2223 2954 37 26 les

1231 2989 152 34 opérations
1396 2991 33 28 de
1442 2989 109 27 l'armée
1564 2989 33 26 de
1609 2995 73 21 terre
1693 2999 7 21 ;
1724 2992 27 22 èt
1765 2993 60 22 tout
1833 2992 168 26 récemment
2016 2999 35 15 on
2065 2989 37 26 les
2118 2998 14 18 a
2143 2998 48 18 vus
2205 2987 54 28 dé-
2276 2987 5 37 ,

1228 3024 94 34 fèpdr'é
1336 3043 7 12 ,
1364 3033 66 17 avec,
1452 3032 54 18 une
1530 3034 60 17 rare
1609 3020 213 37 bravoure/l'ai
1828 3022 73 27 senal
1929 3022 63 27 d'où
2007 3024 60 26 leur
2092 3021 77 27 flotte
2192 3021 69 27 étoit

1227 3054 90 27 soi-tie.

1264 3090 69 27 Mais
1345 3100 27 15 ce
1385 3098 74 26 genre
1476 3091 32 25 de
1519 3093 83 24 succès
1615 3099 31 17 ne
1657 3089 70 26 suffit
1740 3098 41 27 pas
1793 3091 15 25 à
1822 3087 117 33 l'orgueil
1951 3090 32 25 de
1998 3090 24 24 la
2034 3090 130 34 puissance
2172 3097 7 22 ;
2199 3089 64 25 c'est

1231 3123 98 34 l'espoir
1342 3125 32 24 «le
1385 3125 99 27 vaincre
1495 3123 25 26 là
1534 3125 89 25 nauire
1635 3124 56 32 qui.
1694 3131 59 27 peut
1766 3124 52 26 seul
1832 3123 22 27 le
1871 3123 97 33 flatter;
1981 3130 25 19 et
2020 3124 105 24 aussitôt
2139 3122 33 25 les
2185 3122 77 25 bords

1231 3157 30 25 «le
1273 3158 110 25 l'Escaut
1401 3167 25 15 se
1443 3164 124 20 couvrent
1584 3158 30 25 de
1628 3158 125 26 chantiers
1766 3165 50 25 que
1828 3162 78 21 toutes
1923 3157 33 25 les
1968 3157 78 25 forêts
2061 3156 109 25 voisines
2184 3155 63 25 n'au-

1231 3190 79 26 roient
1323 3200 34 25 pu
1371 3190 142 33 alimenter,
1527 3191 21 25 si
1560 3190 123 26 l'activité
1697 3190 31 26 de
1740 3198 39 18 ces
1789 3190 183 28 constructions
1988 3193 43 22 eût
2040 3190 34 26 dû
2086 3198 26 15 se
2122 3190 139 33 prolonger.

1231 3223 70 26 C'est
1315 3233 30 17 en
1358 3224 57 25 vain
1430 3233 48 25 que
1495 3224 50 25 l'on
1559 3229 143 32 représente
1711 3223 66 34 qu'il
1791 3230 60 26 peut
1864 3223 85 25 suffire
1963 3223 61 26 d'Un
2039 3223 74 26 hivér
2126 3223 138 32 rigoureux

1232 3266 63 26 pour
1307 3256 110 34 changer
1429 3256 21 25 le
1463 3257 176 33 gisement'des
1650 3257 90 28 bancs,
1754 3263 25 20 et
1791 3252 91 30 fermer
1894 3255 34 26 les
1937 3266 79 26 passes
2027 3256 103 35 qiic'des
2138 3256 126 25 vaisseaux

1230 3291 40 25 dé*
1289 3293 106 32 premier
1416 3300 61 26 rang
1499 3292 113 25 àuroient
1637 3292 15 25 à
1675 3289 112 27 franchir
1807 3289 96 35 chaque
1924 3293 90 28 année;
2034 3293 13 21 à
2063 3289 144 35 l'approche
2220 3289 44 25 dés

1231 3324 92 34 glaces,
1337 3324 35 27 les
1381 3325 136 35 e'quipagcs
1526 3326 120 24 viennent
1652 3333 25 15 se
1688 3324 136 25 renfermer
1832 3322 60 26 dans
1904 3325 41 25 des
1955 3325 111 33 bassins,
2079 3322 189 35 oùilsperdeot

1231 3367 31 15 en
1276 3367 47 25 peu
1337 3359 31 25 dé
1383 3359 64 24 mois
1463 3369 27 15 ce
1502 3367 48 25 que
1563 3358 66 26 Icars
1641 3357 110 26 officiers
1762 3358 50 25 leur
1824 3358 66 26 ontsi
1903 3357 170 35 pcniLlement
2085 3357 167 35 ensciné,pen-

1231 3392 61 25 dant
1305 3392 22 25 là
1342 3392 61 25 belle
1416 3392 83 26 saison
1514 3402 7 17 :
1537 3392 56 26 rien
1606 3392 61 26 n'est
1682 3392 104 32 écouté,
1800 3399 26 17 et
1850 3390 33 26 les
1903 3392 89 26 trésors
2006 3391 67 27 delà
2094 3391 97 27 France
2206 3396 60 20 sont

1233 3425 138 33 prodigués
1381 3435 66 24 pour
1466 3428 118 32 parvenir
1592 3428 14 24 à
1622 3433 35 17 un
1669 3425 48 26 but
1731 3425 60 34 qu'il
1807 3425 64 25 étoît
1879 3425 148 33 impossible
2039 3424 158 27 d'atteindre.

1266 3458 181 35 L'expérience
1460 3467 110 18 constate
1580 3469 50 26 que
1645 3458 112 32 l'emploi
1772 3459 43 25 des
1831 3459 261 34 approvisionr.emcns
2105 3459 64 25 n'est
2178 3458 89 35 jamais

1232 3491 56 34 plus
1298 3494 164 33 économique
1475 3500 27 19 et
1515 3494 86 25 mieux
1610 3491 117 26 surveillé
1740 3502 46 27 que
1799 3494 100 34 lorsque
1909 3491 53 26 l'on
1974 3498 131 19 concentre
2113 3500 44 18 sur
2165 3501 37 15 un
2213 3491 53 25 seul

1231 3526 76 34 point
1325 3526 34 27 les
1381 3527 57 35 plus
1456 3528 105 33 grandes
1580 3534 25 18 et
1629 3526 33 26 tes
1681 3527 56 34 plus
1753 3527 98 35 petites,
1860 3527 187 25 constructions
2056 3536 7 22 ;
2086 3526 65 25 mais
2170 3526 19 25 il
2210 3526 54 25 faut

1233 3561 122 34 imposer;
1372 3567 41 25 et,
1433 3569 56 17 sous
1506 3566 111 30 prétexte
1637 3561 31 25 de
1681 3568 120 27 procurer
1813 3560 37 25 du
1863 3560 87 25 travail
1967 3568 47 18 aux
2028 3560 112 26 ouvriers
2153 3560 109 31 marins,

1230 3595 33 27 «)c
1284 3600 87 20 mettre
1389 3604 31 15 eu
1439 3602 81 17 œuvre
1539 3595 34 24 les
1593 3594 56 25 bois
1663 3595 110 25 exislans
1789 3602 44 15 sur
1846 3593 34 28 les
1902 3594 84 32 lieux,
2007 3601 34 19 on
2054 3593 155 34 entreprend
2222 3593 51 26 «tes,

1232 3630 182 24 constiuelimis
1434 3627 60 26 dans
1514 3627 41 26 des
1570 3634 67 28 ports
1658 3628 111 32 envasés;
1791 3635 54 18 sans
1870 3627 71 32 rade,
1961 3634 54 19 sans
2033 3627 131 33 mouillage
2185 3628 43 22 sûr
2241 3628 32 24 ét*

1233 3663 100 33 protégé
1344 3680 7 12 ,
1367 3671 99 25 exposis
1479 3661 111 35 pendant
1609 3661 92 26 l'hiver
1709 3663 17 25 à
1740 3660 78 27 l'effet
1832 3657 45 30 «tes
1896 3660 125 32 débâcles,
2040 3670 33 17 ou
2086 3660 65 26 dont
2164 3660 103 26 l'entrée

1234 3703 34 18 i»l
1283 3697 91 24 fermée
1385 3703 41 25 par
1440 3704 48 15 une
1501 3693 70 27 barre
1585 3696 106 26 difficile
1703 3698 14 20 à
1729 3692 123 28 franchir.

1267 3730 41 25 De
1326 3730 20 25 là
1359 3731 44 22 «les
1411 3729 165 35 états-majors
1591 3729 138 28 nombreux
1740 3736 30 22 et
1779 3738 48 17 une
1839 3728 204 30 administration
2053 3726 175 30 considérable
2242 3733 25 21 »®

1235 3763 178 32 dispendieuse,

1135 81 7 32 r
1166 78 57 35 s:
