2422 3981
133 136 122 31 avoient
268 139 146 37 assurées,
433 138 99 31 devoit
550 146 141 34 partager
704 150 72 20 avec
793 136 150 47 l'Europe
960 141 43 32 les
1017 141 137 32 bienfaits

136 176 38 30 de
189 188 30 19 sa
231 176 126 38 liberté,
376 178 37 31 de
429 180 253 43 l'indépendance
697 181 152 30 nationale
865 189 30 22 et
917 182 38 30 de
974 182 27 31 la
1028 183 78 40 paix.
1130 183 24 31 M

136 228 38 19 ne
189 217 165 41 dépendoit
376 231 58 18 nue
456 221 37 28 dè
508 231 56 18 son
580 229 241 33 gouvernement
836 222 39 30 de
891 229 129 32 mettre,
1039 234 54 30 par
1111 235 41 19 wn

136 257 64 30 seul
219 267 85 31 mot,
324 272 40 18 un
389 268 96 24 terme
502 273 56 19 aux
585 262 183 30 souffrances
797 262 35 28 dé
843 260 35 39 jà
902 267 122 32 nation;
1052 265 39 30 de
1110 265 43 30 lui

137 298 126 40 rendre,
291 311 70 20 avec
381 300 27 30 la
435 304 85 35 paix,
550 313 45 19 ses
618 304 155 34 colonies,
796 314 54 18 son
874 314 172 20 commerce
1074 313 31 21 et
1130 306 24 28 le

135 340 78 31 libre
224 341 132 32 exercice
373 341 37 30 de
425 353 56 22 son
500 344 158 30 industrie.
678 343 178 31 Vonloit-il
878 345 91 40 plus?
989 345 56 30 Les
1059 346 76 39 puis-

136 390 102 21 sances
252 380 143 31 s'étoient
406 383 122 35 offertes
539 386 14 25 à
570 385 150 34 discuter,
741 385 76 28 dans
830 397 41 17 un
887 386 94 39 esprit
994 386 35 30 de
1044 389 93 28 conci-

137 420 125 39 liation,
285 432 46 19 ses
351 433 87 19 voeux
455 435 51 19 sur
528 424 53 31 des
604 424 98 40 objets
720 424 38 30 de
777 426 165 35 possession
971 426 90 31 d'une
1080 438 51 19 mu-

137 462 92 31 tuelle
248 474 194 19 convenance
461 465 51 40 qui
528 464 276 41 dépasseroientles
814 465 109 31 limitrs
935 467 37 30 de
989 467 25 30 la
1026 468 125 39 France,

138 509 89 30 ayant
241 500 45 33 les
301 515 123 31 guerres
439 504 35 31 de
494 506 25 28 la
536 507 183 28 révolution.
793 524 6 6 ,
831 527 13 4 .

178 542 120 40 Quinze
313 546 81 40 jours
407 556 31 18 se
451 549 155 41 passèrent
621 557 69 20 sans
704 548 129 39 réponse
847 547 38 31 de
900 547 26 31 la
943 555 67 34 part
1024 547 39 32 du
1080 561 59 27 gou-

136 594 177 21 vernement
331 586 138 40 français.
496 587 56 30 Les
578 587 280 43 plénipotentiaires
882 588 83 31 alliés
985 589 171 31 insistèrent

133 638 53 18 sur
200 637 44 18 un
260 633 96 22 terme
371 630 206 38 péremptoire
592 639 83 31 pour
687 627 210 41 l'acceptation
915 640 39 19 ou
969 630 31 30 le
1013 631 79 28 refus
1103 631 51 30 des

136 666 174 34 Conditions
322 667 39 30 de
376 667 27 30 la
420 670 76 35 paix.
515 671 53 27 On
582 669 85 34 laissa
686 680 37 18 au
741 669 267 41 plénipotentiaire
1028 671 128 40 français

137 707 27 30 La
188 707 124 31 latitude
330 707 38 31 de
387 711 157 39 présenter
565 720 46 19 un
626 711 237 40 conyv-projet,
891 722 124 28 pourvu
1037 723 59 30 que
1121 723 34 19 ce

135 750 227 39 contre-projet
376 746 143 44 répondît
531 752 15 27 à
562 750 117 41 l'esprit
694 757 25 22 cl
733 752 14 27 à
765 750 24 30 la
807 750 158 32 substance
981 751 51 30 des
1048 754 91 30 condi-

137 790 80 32 tions
229 793 165 38 proposées
410 802 57 30 par
480 790 43 30 Irs
539 803 89 19 cours
645 790 109 32 alliées.
772 790 43 32 Le
835 798 94 24 terme
950 793 40 30 du
1020 803 34 19 10
1075 804 79 19 mars

135 830 51 31 fut
197 829 57 31 fixé
268 830 74 31 d'un
360 842 148 21 commun
527 834 120 28 accord.
672 833 43 28 Le
741 828 268 46 pîeuipoientiaire
1028 835 128 39 fiançais

138 881 35 19 iio
189 870 169 41 produisit,
376 873 14 28 à
410 872 168 33 l'échéance
599 873 40 30 du
657 881 112 26 terme,
788 883 58 30 que
857 874 56 31 des
937 874 113 40 pièces,
1080 875 76 30 dont

136 912 30 30 la
185 912 187 34 discussion,
398 912 61 34 foin
487 913 37 30 de
544 913 202 43 rapprocheri
762 913 40 31 du
826 913 71 39 buji,
917 914 86 31 n'ont
1022 915 54 31 fait
1095 926 58 31 que

137 952 167 44 prolonger
327 953 37 30 de
389 953 115 30 stériles
526 956 219 40 négociations.
774 953 47 31 Un
844 965 149 21 nouveau'
1005 963 94 22 terme
1117 953 37 32 de

136 1005 60 28 peu
214 992 38 30 de
266 996 83 37 jours
369 993 46 31 fut
429 994 129 34 accprdé
580 999 14 26 à
617 994 26 30 la
659 996 150 30 demande
829 994 41 31 du
887 996 269 41 plénipotentiaire

136 1035 38 31 de
190 1031 126 33 France.
334 1033 39 30 Le
396 1031 15 46 i
426 1031 17 46 5
458 1031 64 46 mars
541 1037 98 37 enfin,
664 1048 34 19 ce
713 1036 267 41 plénipotentiaire
1002 1038 90 30 remit
1113 1050 41 18 tin

133 1076 228 40 contre-projet
374 1077 51 38 qui
443 1087 37 18 ne
495 1076 83 32 laissa
594 1076 69 43 plus
683 1077 38 28 de
743 1077 93 31 doute
859 1089 60 27 que
937 1076 40 31 les
993 1078 158 31 malheurs

135 1115 39 28 de
191 1116 25 28 la
231 1116 117 30 France
364 1117 61 30 n'ai
435 1117 81 30 oient
537 1129 53 30 pas
609 1129 109 19 encore
733 1116 117 40 changé
876 1117 41 30 lés
943 1129 72 19 vues
1041 1120 46 28 de
1098 1129 56 20 son

133 1165 253 32 gouvernement.
417 1156 158 31 Revenant
596 1169 106 19 sur-ce
725 1157 74 41 qu'il
828 1160 80 27 avoit
932 1162 132 38 proposé
1090 1160 48 30 lui-

133 1200 122 33 même,
281 1200 26 26 le
328 1207 242 30 gouvernement
594 1198 128 41 français
738 1200 154 30 .demanda
914 1199 74 31 dans
1011 1213 39 17 un
1067 1213 65 18 nou-

133 1248 74 19 veau
231 1240 100 39 projet
351 1250 59 30 que
432 1240 52 27 des
509 1240 128 40 peuples
659 1247 152 33 étrangers
833 1243 15 26 à
870 1240 116 40 l'esprit
1004 1241 145 40 français,

133 1279 54 30 des
203 1279 128 40 peuples
345 1290 58 28 que
419 1279 51 31 des
483 1280 104 30 siècles
602 1279 37 31 de
651 1280 193 31 domination
857 1292 39 18 ne
911 1281 176 30 fondraient
1100 1293 52 30 pas

133 1318 74 32 dans
234 1318 30 31 la
288 1319 104 31 nation
418 1320 144 40 française
576 1344 7 13 ,
618 1322 142 30 devoient
787 1322 161 30 continuer
972 1324 17 26 à
1015 1332 38 20 en
1080 1324 73 30 faire

131 1361 109 40 partie.
268 1361 41 30 La
330 1361 115 30 France
462 1361 103 32 devoit
583 1372 158 20 conserver
757 1362 51 30 des
826 1363 189 28 dimensions
1029 1364 105 31 incom-

131 1401 132 40 patibles
283 1411 76 24 .avec
379 1401 246 32 l'établissement
654 1403 73 30 d'un
757 1404 131 39 système
917 1398 182 45 d'équilibre
1124 1414 28 21 et

132 1442 76 30 liors
220 1441 40 30 de
274 1443 184 40 proportion
482 1454 70 20 avec
578 1443 41 31 les
639 1452 100 21 autres
756 1443 110 40 grands
886 1455 87 30 corps
989 1444 164 41 politiques

133 1494 40 18 en
198 1483 145 39 Europe;
369 1481 57 31 elle
446 1483 102 30 devoit
570 1485 109 41 garder
703 1483 43 30 les
767 1485 148 41 positions
934 1493 31 21 et
986 1487 43 28 les
1052 1488 100 38 points

133 1524 136 30 «ffensifs
283 1534 35 19 au
334 1534 112 32 moyen
462 1525 142 41 desquels
621 1537 54 18 son
694 1533 239 31 gouvernement
945 1526 103 39 avoit,
1074 1539 79 28 pour

130 1564 31 30 le
175 1564 142 30 malheur
328 1564 39 28 de
381 1565 196 40 l'Europe-et
591 1566 37 30 de
643 1567 25 27 la
684 1566 135 33 France,
837 1569 109 27 amené
967 1567 26 30 la
1010 1569 90 30 chute
1114 1570 38 28 de
1159 1564 4 41 :

132 1612 70 24 tant
223 1603 40 30 de
292 1607 126 37 trônes,
454 1615 28 21 et
509 1610 184 37 opéré'tant
720 1605 38 31 de
793 1606 266 31 boùléversemens
1072 1620 8 24 ;
1103 1611 56 28 deé

132 1644 145 31 nitmdreà
301 1648 34 27 de
363 1649 32 26 la
413 1646 126 39 famille
565 1651 141 33 régnante
728 1659 37 17 en
793 1649 113 27 France
932 1649 149 33 devaient,
1097 1652 57 27 être

131 1689 126 37 rtylacèô
268 1696 54 20 iur
332 1687 50 30 dé)
396 1690 97 26 trône*
507 1690 148 40 étranger*
669 1701 11 21 ;
699 1688 26 30 le
741 1696 242 32 gouvernement
1002 1690 148 41 français,

131 1727 110 35 enfin.,
265 1737 34 19 ce
322 1736 242 28 gouvernement
583 1729 51 44 qui
654 1729 109 40 depuis
788 1734 64 25 tant
875 1729 142 32 d'années
1035 1731 46 32 n'a
1098 1742 53 31 pas

130 1779 104 19 moins
247 1768 129 31 cherché
391 1772 13 25 à
422 1772 109 37 régner
550 1781 51 19 sur
615 1769 151 41 l'Europe
788 1781 54 28 par
865 1770 26 30 la
909 1770 158 39 discorde,
1093 1782 59 31 que

132 1820 56 35 par
206 1809 27 28 la
248 1808 83 31 force
347 1811 52 28 des
416 1820 116 27 armes,
552 1812 50 28 de*
611 1812 52 28 oit-
672 1820 94 20 rester
782 1812 9 28 1
803 1812 111 28 arbitre
935 1812 52 30 des
1007 1820 144 33 rapports

131 1850 162 30 intérieurs
307 1857 28 22 et
350 1851 41 28 du
404 1859 64 21 sort
480 1851 52 31 des
549 1853 172 39 puissances
738 1853 35 28 de
789 1852 158 41 l'Europe.

177 1890 57 28 Les
256 1900 90 20 cours
359 1890 118 40 alliées,
506 1903 37 18 en
565 1893 183 28 continuant
763 1892 26 30 la
807 1894 195 39 négociation
1024 1905 72 19 sous
1113 1894 39 30 de

128 1930 58 31 tels
201 1936 155 37 auspices,
386 1939 119 22 eussent
522 1935 132 38 manqué
670 1936 15 26 à
704 1941 67 22 tout
787 1944 32 19 re
835 1935 125 39 qu'elles
974 1944 31 19 se
1026 1935 125 31 doivent.

120 1971 26 31 ■i
163 1970 228 37 elles-mêmes;
420 1972 71 34 elles
516 1983 122 21 eussent
664 1974 53 30 dès
742 1984 33 19 ce
793 1983 139 21 moment
952 1981 138 26 renoncé
1113 1989 39 18 au

126 2010 58 31 ï>uî
201 2011 136 41 glorieux
371 2014 125 40 qu'elles
511 2024 32 19 se
557 2022 171 33 proposent
743 2027 6 21 ;
772 2014 79 30 leurs
874 2016 104 30 efforts
991 2016 161 32 'n'eussent

128 2050 72 44 plus
214 2061 110 21 tourne
343 2065 59 30 que
419 2062 104 21 contre
539 2055 78 30 leurs
634 2055 139 41 peuples.
795 2057 44 27 En
862 2059 119 41 signant
1000 2068 40 19 un
1064 2061 87 27 traité

129 2106 53 18 sur
211 2094 41 30 les
281 2094 84 31 bases
392 2094 40 31 du
458 2102 106 24 contre
719 2096 144 41 français,
909 2099 40 27 les
977 2100 174 39 puissances

128 2143 118 22 eussent
270 2137 113 41 déposé
404 2135 39 30 les
461 2147 97 19 armes
572 2146 85 20 entre
674 2137 41 30 les
731 2140 97 26 mains
842 2137 37 31 de
895 2137 145 33 l'ennemi
1058 2152 67 18 com-

128 2186 78 19 mun
216 2190 9 15 :
250 2177 71 28 elles
339 2185 119 21 eussent
481 2181 123 38 trompé
627 2179 135 30 l'attente
780 2178 51 31 des
850 2180 119 30 nations
985 2187 28 22 et
1028 2179 28 32 la
1070 2192 60 19 con-

128 2215 98 31 fiance
241 2218 37 28 de
293 2218 84 30 leurs
390 2218 93 30 alliés.

170 2257 85 31 C'est
282 2259 74 31 dans
374 2270 40 18 un
441 2268 138 22 moment
605 2259 77 31 aussi
710 2259 110 31 décisif
837 2270 80 32 pour
945 2261 26 30 le
1002 2262 76 30 salut
1107 2263 43 30 du

125 2298 117 30 mondé
254 2322 11 13 ,
291 2310 58 30 que
365 2300 41 30 tés
418 2301 175 28 souverains
605 2302 83 28 alliés
702 2301 209 31 renouvellent
928 2303 221 40 rengagement

125 2340 155 37 •diemiel,
306 2341 91 40 qu'ils
420 2352 39 18 ne
482 2349 146 32 poseront
646 2353 56 30 pas
724 2342 41 30 les
793 2354 96 19 armes
913 2355 87 18 avani
1030 2347 119 27 d'avoir

126 2381 106 28 atteint
250 2381 27 27 le
295 2381 96 41 grand
409 2381 84 39 objet
507 2382 38 28 de
565 2382 64 32 leur
643 2382 136 37 âiliaitçe.
808 2383 43 30 La
874 2383 116 31 France
1012 2396 35 17 ne
1074 2393 73 33 peut

128 2420 64 31 s'en
213 2424 142 37 .prendre
385 2425 69 37 qu'à
485 2433 54 19 son
569 2431 242 32 gouvernement
839 2424 53 32 des
917 2434 91 20 maux
1036 2426 112 40 qu'elle

126 2463 120 30 souffre.
272 2464 39 28 La
330 2464 66 40 paix
412 2463 81 30 seule
520 2474 111 30 pourra
650 2465 110 33 fermer
775 2466 44 27 les
835 2465 92 40 plaies
944 2469 96 38 qu'un
1054 2476 94 33 esprit

126 2503 40 28 de
181 2505 189 30 domination
394 2505 181 31 universelle
588 2513 28 21 et
631 2517 69 18 sans
725 2509 138 38 exemple
881 2507 72 30 dans
970 2507 41 30 les
1026 2510 120 28 annales

126 2544 193 40 du,monde,
346 2544 44 31 lui
407 2557 13 18 a
437 2549 130 37 portées.
589 2544 79 32 Qfie
677 2550 154 38 f>ai»-,*eru
840 2558 21 21 ,e
879 2550 38 32 l(e
931 2550 41 27 dé
983 2550 144 40 l'Europe
1136 2562 9 24 ;

125 2591 87 24 toute
239 2596 84 20 autre
352 2593 45 24 est
423 2585 214 31 inadmissible.
664 2588 27 28 11
719 2595 45 21 est
787 2595 99 34 temps
911 2590 84 28 enfin
1020 2602 59 27 que
1106 2590 40 31 les

123 2628 122 40 princs
260 2628 154 39 puissent,
437 2637 69 19 sans
522 2628 150 30 influence
686 2629 176 39 étrangère,
879 2628 104 31 veiller
998 2642 37 18 au
1058 2631 71 30 bien-

120 2669 66 26 dire
200 2666 38 30 de
254 2673 80 25 ieurs
352 2668 144 40 peuples;
519 2680 58 27 que
592 2668 177 33 les.nations
785 2678 169 32 respectent
970 2670 67 30 leur
1054 2673 73 34 indé-

123 2706 161 41 pendance
306 2711 200 39 réciproque;
530 2720 60 28 que
605 2708 43 31 les
661 2709 188 32 institutions
874 2712 126 31 sociales
1015 2714 99 28 soient
1129 2715 15 27 4

123 2747 90 32 l'abri
226 2750 38 30 de
273 2748 266 31 bouleversernetis
552 2751 193 40 journaliers,
758 2751 41 30 les
813 2753 172 40 propriétés
1000 2757 141 35 assurées,

124 2797 32 22 et
162 2789 35 33 je
208 2800 174 22 commerce
393 2791 87 33 liège.

167 2830 165 43 L'Europe
353 2832 113 28 entière
489 2842 38 18 ne
549 2832 97 30 forme
673 2832 96 40 qu'un
793 2844 86 27 vœu,
905 2833 79 31 celui
1007 2835 37 30 de
1069 2836 72 30 faire

124 2872 194 40 participera
343 2883 48 20 ces
411 2874 138 35 bienfaits
565 2874 39 30 de
625 2872 26 31 la
674 2874 91 40 paix,
791 2872 26 31 la
843 2874 135 40 France,
1005 2876 74 30 dont
1103 2877 40 30 les

123 2911 175 41 puissances
320 2914 146 38 ajliées'et
481 2916 169 27 es-mêmes
671 2917 37 26 rie
731 2916 152 38 desirent,
906 2927 37 18 ne
966 2917 125 30 veulent
1111 2926 30 22 et

125 2965 38 18 ne
180 2948 178 37 souffriront
380 2966 53 28 pas
452 2955 27 30 le
495 2955 273 31 démembrement.
789 2959 40 26 La
848 2957 43 30 foi
911 2959 38 28 de
967 2957 78 31 leurs
1061 2969 61 31 pro-

122 3005 111 20 messes
244 3004 43 21 est
306 2995 74 31 dans
397 2996 41 30 les
451 2995 152 41 principes
614 3007 80 30 pour
713 2996 130 41 lesquels
856 2999 73 27 elles
943 3000 198 31 combattent.

125 3034 80 31 Mais
217 3046 56 31 par
286 3040 40 26 où
341 3037 40 30 les
396 3038 175 28 souverains
583 3041 209 38 pourront-ils
809 3039 89 40 juger
909 3050 60 30 que
986 3040 26 30 la
1029 3041 116 30 France

122 3085 73 20 veut
203 3077 40 28 les
252 3085 156 33 partager,
416 3074 51 32 hes
474 3079 156 40 principes
641 3079 50 39 qui
706 3078 125 31 doivent
839 3079 109 31 fonder
959 3080 26 28 le
998 3079 142 32 bonheur

123 3118 44 30 du
181 3117 120 31 Monde
322 3119 80 28 aussi
424 3118 198 43 long-temps
637 3118 90 41 qu'ils
743 3120 155 30 verroient
915 3131 60 30 que
994 3120 27 30 la
1039 3125 102 27 même

122 3157 151 31 ambition
296 3159 52 39 qui
371 3170 17 19 a
411 3159 138 39 sépandu
568 3168 63 22 tant
652 3159 38 31 de
712 3170 93 20 maux
827 3172 52 18 sur
901 3161 171 41 l'Europe,
1095 3171 45 22 est

120 3209 111 20 encore
248 3200 31 30 lé
301 3200 66 30 seul
389 3198 117 33 mobile
529 3201 41 31 du
589 3209 268 33 gouvernement;
883 3214 78 28 que,
989 3206 150 40 prodigue

122 3240 43 30 du
180 3252 73 30 sang
274 3241 128 40 français
422 3248 31 25 et
475 3242 27 30 le
526 3250 120 24 versant
672 3242 128 39 à-flots,
820 3243 130 31 l'intérêt
970 3244 171 41 public.est

120 3285 142 35 toujours
269 3282 126 31 immolé
404 3285 15 27 à
432 3282 131 31 l'intérêt
575 3282 167 40 personnel
752 3285 12 28 ?
776 3283 79 31 Sous
868 3285 38 30 de
917 3286 54 28 tels
981 3294 155 32 rapports,

120 3325 43 27 où
177 3324 92 30 seroit
283 3321 26 32 la
331 3326 135 38 garantie
485 3325 38 28 de
539 3324 143 35 l'avenir,
703 3326 25 27 si
746 3335 41 19 un
810 3330 130 37 système
963 3328 78 28 aussi
1064 3327 57 30 des-

120 3366 137 31 tructeur
270 3376 39 20 ne
324 3366 136 27 trouvoit
474 3374 53 31 pas
541 3377 43 18 un
599 3372 96 22 terme
713 3366 73 28 dans
808 3366 27 33 la.
856 3366 124 31 volonté
1000 3369 138 40 générale

119 3404 40 30 de
175 3404 145 34 la,nation
333 3405 178 32 ?Dès-lors
528 3405 28 31 la
570 3406 67 40 paix
658 3405 38 32 de
715 3405 150 44 l'Europe
878 3416 46 22 est
943 3411 139 37 assurée,
1109 3418 30 24 et

119 3445 65 33 rien
200 3456 37 19 ne
242 3446 109 32 .sauroi
356 3445 58 34 t.la,
420 3445 137 33 troubler
570 3450 14 26 à
600 3448 133 32 l'avenir.

488 3521 119 39 PARIS,
684 3522 86 31 avril.

353 3589 113 30 LOUIS
485 3592 97 27 XVIII
604 3593 78 26 AUX
702 3592 201 30 FRANÇAIS.

162 3645 193 32 Lemornent
366 3653 41 24 est
415 3646 84 31 enfin
511 3648 96 31 arrivé
617 3651 39 27 où
671 3648 27 30 la
709 3648 100 30 divine
819 3645 189 39 Providence
1022 3653 116 31 semble

117 3689 86 39 prête
226 3689 15 27 à
263 3686 94 31 briser
384 3686 207 33 l'instrument
619 3690 37 30 de
679 3700 28 19 sa
730 3690 110 31 colère.
856 3691 222 45 L'usurpateur
1094 3694 43 31 du

116 3730 90 27 trône
220 3728 38 30 de
273 3729 222 38 Saint-Louis,
517 3730 27 30 le
560 3730 189 31 dévastateur
765 3730 38 32 de
817 3731 167 43 l'Europe,
1002 3737 135 39 éprouve

115 3769 15 28 à
149 3778 56 21 son
366 3781 106 20 revers.
494 3772 47 28 Né
555 3771 152 31 feront-ils
724 3772 200 41 qu'aggraver
940 3775 41 31 les
992 3788 89 19 maux
1098 3777 37 30 de

115 3808 30 31 la
168 3808 141 41 France,
340 3817 30 22 et
387 3811 118 30 n'osera
522 3813 87 30 t-elfe
630 3821 156 24 renverser
806 3827 43 18 un
867 3819 135 39 pouvoir
1022 3817 113 31 odieux

1227 156 57 28 que
1300 154 37 22 rie
1352 146 163 40 protègent
1527 146 72 43 plus
1612 148 41 32 les
1677 151 149 43 prestige*
1839 151 38 31 3e
1892 151 27 32 la
1939 154 124 30 victoire
2078 154 14 30 ?
2119 152 135 40 Quelles'

1198 187 5 47 |
1224 187 195 34 préventions
1450 200 41 19 ou
1524 189 116 40 quelles
1674 193 135 28 Çraït'Vtfis"
1837 194 181 39 ponrrôierij
2043 194 213 40 aujoui-J'hiii.'

1227 227 185 41 l'empêchêr
1437 230 35 27 de
1491 240 30 19 se
1541 231 72 39 jeter
1633 231 76 28 dans
1731 231 41 30 les
1802 234 66 30 bras
1891 234 35 37 'Je
1948 244 52 19 son
2024 236 45 28 roi
2085 260 7 9 ,
2118 243 26 20 ri
2164 228 37 35 Jé
2217 234 26 30 le

1225 270 193 33 recpnnqître
1435 270 77 30 dans
1530 272 25 27 le
1571 272 240 32 rétablissement
1830 274 35 30 (lé
1883 286 30 20 sa
1936 275 283 41 légitime,autorité

1225 308 26 28 le
1270 309 63 28 seul
1349 318 74 31 gage
1446 311 37 30 de
1498 311 148 38 l'union,,..
1665 313 37 30 de
1721 314 109 41 la.paix
1835 321 44 31 ju
1904 315 48 28 du'
1965 309 141 37 ijrfnlienr
2122 325 58 33 que
2198 327 45 20 ses

1224 361 171 28 promesses
1410 359 51 22 ont
1478 359 65 22 tant
1552 352 37 31 de
1606 354 53 28 fois
1678 358 129 37 garànhs
1822 358 12 26 à
1854 367 43 17 ses
1909 358 96 39 sujets
2016 360 159 38 pnpritriés
2190 359 11 28 ?
2246 361 9 17 1

1266 390 51 31 Ne
1326 391 137 39 voulant,
1483 404 37 19 ne
1537 402 131 32 pouvant
1688 397 76 27 tenir
1780 407 57 27 que
1853 392 37 34 de
1900 397 79 30 leurs
1994 394 104 33 efforts
2114 398 24 30 le
2154 406 100 20 trône'

1226 442 58 27 que
1300 442 43 18 ses
1358 431 94 31 droits
1465 441 31 24 et
1512 433 64 28 leur
1598 446 109 18 arnnur
1729 445 131 28 peuvent
1876 438 78 30 seuls
1972 438 270 40 affermirquels

1226 483 86 18 veux
1328 485 12 17 s
1343 474 116 28 croient
1473 476 167 30 contraires
1658 480 14 25 à
1698 487 72 19 ceux
1794 478 74 39 qu'il
1887 489 38 18 rte
1948 480 89 30 cessé'
2049 480 38 28 (le
2105 480 115 28 former
2231 481 26 27 ?'

1226 511 87 39 Quel
1325 513 92 32 doute
1426 517 145 37 pourrôit
1586 527 39 18 on
1637 516 99 30 élever
1748 529 51 18 sur
1808 529 43 18 ses
1864 520 167 31 internions
2042 521 178 40 paternelles
2231 521 13 28 f

1383 566 14 18 a
1411 555 40 28 dit
1467 556 73 28 dans
1553 568 44 18 ses
1613 557 200 31 déclarations
1827 560 210 39 précédentes,
2057 568 27 22 et
2101 562 21 28 il
2137 565 106 26 réitère

1224 593 180 32 l'assurânce
1417 606 59 30 que
1492 596 41 30 les
1548 609 90 27 corps
1654 598 231 32 administratifs-
1898 608 28 21 et
1942 601 172 40 judiciaires
2139 611 105 22 seront

1222 635 174 31 maintenus
1423 635 72 31 dans
1521 638 26 30 la
1573 638 157 40 plénitude
1755 639 38 30 de
1818 641 78 30 leurs
1918 643 196 30 attributions
2127 656 8 22 ;
2167 643 74 40 qu'il

1224 686 177 20 conservera
1417 677 80 31 leurs
1524 678 102 41 places
1639 681 14 26 à
1669 690 74 19 ceux
1760 681 53 39 qui
1828 690 38 21 en
1887 690 69 24 sont
1972 694 152 28 pourvus,
2144 691 28 22 et
2190 685 52 38 qui

1224 715 40 30 lui
1286 720 156 33 prêteront
1455 728 133 20 serment
1602 720 37 28 de
1654 719 116 31 fidélité
1781 733 7 21 ;
1811 733 58 28 que
1886 722 40 31 les
1941 724 164 30 tribunaux
2115 746 7 13 ,
2141 724 80 41 dépo-

1222 757 117 30 sitaires
1354 759 54 28 des
1427 759 76 35 lois,
1525 759 209 32 s'interdiront
1756 769 100 24 toutes
1880 767 170 38 poursuites
2074 764 136 30 relatives
2225 768 14 27 à

1222 808 48 19 ces
1297 806 98 34 temps
1413 800 201 32 malheureux
1633 802 77 30 dont
1735 814 56 18 son
1817 811 105 21 retour
1937 802 83 33 unira
2044 806 90 30 scellé
2161 817 73 30 pour-

1225 839 102 37 jamais
1345 840 7 31 1
1365 840 85 31 oubli
1463 853 7 22 ;
1495 842 136 39 qu'enfin
1646 842 28 30 le
1687 843 94 38 code,
1802 844 107 30 souillé
1926 844 39 31 du
1985 857 72 18 nom
2075 846 35 30 de
2128 847 90 40 Napo-

1222 878 91 40 léon,
1335 882 76 30 mais
1426 883 51 39 qui
1499 893 38 19 ne
1561 883 150 30 renferme
1733 895 37 18 en
1793 886 113 40 grande
1925 889 94 38 partie
2037 896 61 31 que
2115 887 43 30 les

1222 921 123 30 cicnnes
1364 922 211 31 ordonnances
1594 932 28 21 et
1643 933 161 21 coutumes
1828 926 39 30 du
1887 938 168 31 royaume,
2074 935 111 22 restera
2200 940 39 19 eu

1222 961 193 38 vignette,si
1428 963 63 31 l'on
1507 964 67 30 n'en
1590 973 125 33 excepte
1730 965 40 30 les
1788 966 195 41 dispositions
2000 970 256 30 contraires'aux'

1222 1000 128 41 dogmes
1365 1004 164 41 religieux,
1550 1006 135 40 assitjétis
1698 1005 211 45 long-temps,
1928 1010 77 30 ainsi
2019 1009 97 41 que-la
2133 1010 125 32 libertés

1222 1042 39 31 du
1281 1044 135 40 peuple,-
1430 1057 56 17 aux
1505 1046 133 39 caprices
1656 1046 41 30 du
1714 1055 97 31 tyran.

1266 1083 41 30 Le
1322 1087 100 34 sénat,
1440 1088 44 28 oùr
1502 1087 117 39 siègent
1636 1087 51 32 des
1707 1089 142 30 hommes
1870 1100 58 30 que
1949 1090 81 30 leurs
2055 1093 94 30 tàleris
2173 1093 51 30 dis-

1222 1124 143 40 tinguent
1387 1129 14 26 à
1424 1127 25 28 si
1467 1128 78 38 juste
1572 1129 84 35 titre,
1677 1133 28 25 et
1726 1140 58 30 que
1802 1137 69 21 tant
1893 1130 37 30 de
1958 1131 128 30 services
2104 1139 149 34 peuvent'

1221 1165 131 32 illustrer
1363 1178 59 19 aux
1437 1178 80 32 yeux
1533 1167 35 30 de
1587 1168 26 30 la
1633 1170 115 30 France
1763 1178 30 22 et
1814 1170 35 31 de
1869 1170 26 30 la
1911 1173 144 40 postérité
2067 1196 9 14 ,
2102 1185 33 19 ce
2150 1185 91 30 corps

1222 1206 77 31 dont
1326 1205 122 33 l'utilité
1472 1217 30 21 et
1528 1209 211 40 l'importance
1768 1222 38 18 ne
1832 1222 103 20 seront
1962 1213 71 30 bien
2070 1221 183 22 reconnues'

1222 1247 141 41 qu'après
1377 1248 26 31 la
1419 1250 220 38 restauration,
1658 1252 118 39 peut-il
1802 1264 151 30 manquer
1975 1254 215 40 d'apercevoir
2212 1254 53 32 i.vf

1222 1287 141 33 destinée,
1377 1289 150 43 glorieuse
1550 1292 51 38 qui
1626 1292 141 41 l'appelle
1791 1296 15 26 à
1828 1297 60 27 être
1916 1294 24 30 le
1967 1296 135 35 premier
2121 1296 103 31 instru-

1221 1337 81 22 ment
1323 1330 40 30 du
1381 1331 96 40 grand
1489 1330 124 32 bienfait
1630 1333 52 39 qui
1698 1333 163 31 deviendra
1880 1335 26 31 la
1924 1335 69 41 plus
2008 1336 96 31 solide
2120 1348 120 27 commç
2252 1330 4 46 '

1220 1368 28 31 la
1277 1371 69 40 plus
1372 1371 172 31 honorable
1573 1375 135 38 garantie
1740 1374 37 31 de
1805 1387 53 19 son
1892 1377 152 30 existence
2074 1384 28 22 et
2130 1380 38 28 de
2194 1390 45 20 ses

1221 1413 229 38 prérogatives?
1664 1426 8 4 -

1261 1453 28 30 A
1306 1453 112 40 l'égard
1433 1453 53 30 des
1507 1455 187 38 propriétés,
1721 1455 30 30 le
1765 1456 45 30 roi
1826 1456 54 40 qui
1896 1468 18 19 a
1931 1457 66 40 déjà
2013 1462 139 27 annoncé
2159 1460 100 31 Tin-'

1221 1494 117 28 tention
1350 1493 196 50 "d'employer
1565 1494 41 30 les
1619 1507 131 31 moyens
1774 1496 41 30 les
1828 1496 71 41 plus
1915 1509 129 31 propres
2062 1504 14 26 à
2095 1501 145 30 concilier

1221 1533 40 30 les
1278 1534 94 30 droits
1389 1543 27 21 et
1439 1534 40 31 les
1498 1535 122 31 intérêts
1632 1538 37 28 da
1685 1545 66 22 tous
1763 1561 8 13 ,
1796 1539 63 30 voit
1884 1538 41 31 les
1938 1541 198 30 nombreuses
2150 1544 67 28 Iran
2226 1559 28 7 --

1220 1581 129 24 sachons
1372 1576 52 39 qui
1443 1583 53 22 ont
1519 1587 38 19 eu
1581 1577 60 31 lieu
1659 1587 84 21 entre
1763 1580 44 27 les
1828 1580 120 30 anciens
1965 1587 30 22 et
2011 1581 43 30 les
2082 1593 159 21 nouveaux:

1221 1617 229 39 propriétaires,
1476 1617 109 30 rendre
1606 1630 31 18 ce
1658 1620 66 30 soin
1748 1630 131 32 presque
1893 1620 149 41 superflu,
2059 1620 26 32 ll
2101 1624 141 41 s'engagé

1220 1658 190 30 mainteriaht
1433 1659 15 27 à
1475 1659 149 30 interdire
1644 1672 57 18 aux
1729 1661 165 31 tribunaux
1924 1670 100 22 toutes
2055 1665 185 39 procéduies

1220 1698 165 31 contraires
1413 1698 136 31 auxdites
1573 1702 197 30 transactions
1785 1724 11 15 ,
1822 1708 14 24 à
1861 1713 189 32 encourager
2070 1704 41 31 les
2134 1717 107 19 arran-»

1221 1749 122 30 gemens
1370 1741 198 37 volontaires,
1585 1747 45 24 'et
1657 1746 13 25 à
1698 1743 118 30 donner
1845 1744 185 39 lui-même,
2069 1747 74 30 ainsi
2180 1759 50 30 que-

1219 1791 30 19 sa
1271 1779 136 41 famille,
1437 1782 161 40 l'exemple
1624 1782 38 31 de
1680 1788 70 26 toûs
1776 1783 41 31 les
1839 1786 151 32 sacrifices
2013 1788 51 39 qui
2086 1796 155 32 pourront

1220 1821 177 31 contribuer
1421 1834 37 19 au
1472 1833 91 30 repos
1579 1824 35 31 da
1636 1824 25 31 la
1678 1824 137 38 France,
1835 1833 31 22 et
1880 1828 17 27 à
1916 1826 117 31 l'union
2050 1830 115 28 sincère
2190 1830 51 30 des

1220 1860 154 46 Français;
1703 1860 2 46 •
1838 1884 6 6 .
1883 1874 19 9 ••
1925 1860 4 46 -
1946 1884 7 5 .

1322 1904 47 33 Coi
1382 1911 18 22 à
1420 1905 117 38 garanti
1558 1906 14 27 à
1599 1905 122 31 l'armée
1743 1906 26 31 la
1801 1909 211 30 conservation
2039 1909 53 32 des
2112 1911 124 41 grades,

1219 1943 149 40 emplois,
1385 1944 85 31 solde
1483 1954 31 21 et
1527 1946 236 40 appointemens
1782 1949 74 30 dont
1872 1948 58 32 elle
1945 1946 78 44 jouît
2036 1954 13 26 à
2065 1954 136 39 présent;
2219 1954 35 30 ib

1218 1988 123 39 promet
1355 1985 78 31 aussi
1449 1997 53 19 aux
1517 1985 321 43 générauxVÔfficiêrS
1854 1996 27 22 et
1899 1989 115 35 soldats
2030 1994 52 38 qui
2096 2003 30 18 se
2139 1995 84 38 signa-

1218 2019 102 38 leront
1341 2037 37 19 en
1395 2022 106 35 faveur
1520 2028 37 30 de
1580 2040 31 19 sa
1637 2041 107 27 cause,
1766 2029 188 40 inséparable
1980 2031 51 31 des
2057 2034 123 31 intérêts
2197 2036 43 37 dp

1218 2067 115 41 peuple
1349 2068 145 40 français,
1517 2069 51 28 dés
1581 2073 214 38 récompenses
1809 2072 70 41 plus
1896 2068 124 44 réelles,
2046 2075 51 28 des
2112 2076 112 31 distinc-

1218 2109 83 27 tions
1318 2108 70 40 plus
1406 2109 184 32 honorables
1606 2122 59 28 que
1681 2111 90 33 celles
1789 2112 87 40 qu'ils
1892 2122 52 22 ont
1957 2126 43 30 pu
2017 2118 135 31 recevoir
2164 2117 86 32 d'un'

1219 2157 184 33 usurpateur
1426 2152 138 37 toujours
1589 2156 69 37 prêt
1676 2164 14 18 a
1717 2152 239 41 méconnoître,'
1972 2167 40 18 ou
2024 2160 115 32 .même,
2153 2160 14 33 à
2184 2170 43 18 re-

1219 2189 111 32 douter
1343 2190 80 31 leurs
1436 2192 138 30 services.
1587 2191 43 31 Le
1642 2194 46 28 roi
1703 2194 97 39 prend
1813 2194 41 30 de'
1867 2189 2 52 .
1886 2207 117 20 ouveau
2019 2196 222 45 l'engagement

1218 2230 132 30 d'abolir
1365 2239 77 21 cette
1460 2233 209 39 conscription
1696 2233 117 32 funeste
1839 2238 51 38 qui
1916 2238 115 30 détruit
2046 2238 28 30 le
2096 2241 143 30 bonheur

1219 2271 51 30 des
1287 2272 128 30 familles
1430 2280 30 25 et
1475 2272 185 41 l'espérance
1677 2274 39 34 de
1730 2275 25 31 la
1780 2280 105 37 pairie.

1259 2311 103 31 Telles
1385 2321 54 24 ont
1455 2317 141 35 toujours
1615 2319 45 27 été
1672 2340 9 13 ,
1707 2317 86 28 telles
1807 2326 69 22 sont
1894 2329 110 21 encore
2019 2320 40 30 les
2075 2321 164 31 intentions

1219 2353 41 30 du
1280 2354 69 30 Roi.
1365 2355 65 28 Son
1456 2355 243 32 rëtablissemerit
1714 2369 52 18 sur
1789 2359 28 28 le'
1833 2362 86 26 trône
1937 2360 38 30 de
1991 2372 44 19 ses
2049 2370 190 27 ancftres.ne

1215 2404 65 20 sera
1299 2406 79 30 pour
1395 2396 26 28 la
1437 2395 117 31 France
1572 2408 58 28 que
1645 2398 172 32 l'heureuse
1839 2401 159 33 transition
2020 2402 52 30 des
2086 2402 152 34 calamités

1218 2434 92 31 d'une
1326 2446 107 30 guerre
1455 2446 59 31 que
1537 2441 149 39 perpétue
1701 2439 25 30 la
1750 2443 138 39 tyrannie
1912 2453 58 19 aux
1985 2443 141 32 bienfaits
2145 2444 93 32 d'une

1218 2477 67 37 paix
1299 2476 112 38 solide,
1424 2476 77 32 dont
1511 2478 40 28 les
1564 2480 174 39 puissances
1746 2483 174 40 étrangères
1928 2494 35 18 ne

1217 2511 26 35 là
1257 2519 132 38 garantie
1404 2528 59 31 que
1476 2519 78 28 dans
1572 2519 25 30 la
1612 2520 157 40 paroièdu
1787 2525 158 28 sou'veràiu
1963 2524 145 43 légitime.

1858 2567 92 35 Siqné
1968 2565 161 35 LOUIS,,

1259 2598 157 39 Harlwel,
1428 2602 100 28 comté
1541 2600 38 31 de
1593 2601 228 44 Buckingham,
1838 2604 27 28 le
1880 2617 9 18 i
1894 2609 25 14 <r
1928 2606 116 40 janvier
2061 2608 83 37 iBi4.

1311 2667 259 27 PROCLAMATION
1593 2672 46 20 DE
1664 2674 185 30 MONSIEU.H,
2007 2678 44 20 DU
2076 2679 65 21 ROI.

1254 2712 111 37 Nous,
1391 2714 312 37 CHARLES-PHI
1711 2718 130 31 LIPPE
1865 2719 60 30 DE
1951 2721 211 40 FRANCE,
2187 2720 51 35 fils

1215 2753 37 34 (Je
1277 2754 138 34 France,
1442 2756 267 40 pIONSIEUR,
1733 2767 103 27 comte
1861 2761 158 39 d'Artois,
2047 2763 189 33 lieutenant—

1214 2794 124 38 général
1367 2794 44 31 du
1443 2807 170 32 royaume,
1642 2807 80 30 etc.,
1757 2809 76 31 etc.,
1861 2804 13 27 à
1907 2811 71 22 tous
2000 2804 40 31 lés
2063 2804 168 39 Français,

1214 2833 116 38 SALÛT.
1485 2856 6 4 -
1563 2836 7 9 *
2147 2833 5 38 '

1254 2877 142 41 Français
1410 2878 52 38 !/Je.
1476 2880 120 39 jour.de
1618 2888 85 24 votre
1722 2882 171 34 délivrance
1906 2887 157 40 approche
2094 2887 151 38 Lë~frèra,

1215 2916 35 31 de
1270 2924 84 25 votre
1377 2920 57 28 i:\oi
1450 2927 43 22 est
1515 2921 97 30 arrivé
1626 2924 100 38 parmi
1746 2935 84 19 vous.
1856 2924 83 32 C'est
1959 2940 39 18 au
2017 2928 107 31 milieu
2146 2929 37 30 de
2200 2931 32 28 la

1214 2957 118 31 France
1348 2959 74 39 qu'il
1437 2968 70 22 veut
1520 2961 116 35 relever
1650 2961 302 44 l'antique,bannière
1967 2969 128 40 des-lys,
2111 2978 30 22 et
2157 2982 90 21 vous,

1213 3009 159 26 annoncée
1383 3001 34 31 le,
1428 3008 105 24 retour
1546 3002 47 30 4u
1607 3004 143 31 bonheur
1766 3013 28 22 et
1806 3005 35 31 de
1854 3007 28 28 la
1898 3009 85 39 paix,
2001 3020 70 19 sous
2082 3022 40 18 un
2137 3012 96 37 règne

1212 3048 175 33 protecteur
1404 3040 51 32 des
1467 3041 56 30 lois
1535 3050 28 22 et
1578 3043 37 31 de
1628 3043 27 32 la
1668 3044 109 32 liberté
1791 3047 163 41 publique.

1253 3081 76 30 Plus
1352 3081 39 28 de
1417 3089 105 34 tyran,
1547 3084 71 40 plus
1639 3085 35 30 de
1703 3097 125 30 guerre,
1848 3087 69 44 plus
1936 3089 38 32 de
2001 3094 227 40 conscription,

1209 3128 71 35 plus
1297 3122 37 30 de
1351 3122 94 32 droits
1459 3125 111 28 réunis.
1589 3124 53 41 Qu
1656 3137 14 19 a
1691 3126 28 30 la
1737 3130 67 27 voix
1826 3128 37 32 de
1883 3137 83 22 votre
1990 3136 177 37 souverain,
2193 3135 37 32 de

1212 3170 85 22 votre
1313 3165 70 38 père
1394 3185 8 13 ,
1424 3176 52 18 vos
1489 3165 156 31 malheurs
1657 3168 99 31 soient
1770 3170 109 30 effacés
1892 3183 56 28 par
1958 3172 182 43 l'espérance
2151 3198 8 14 ,
2179 3188 53 19 vos
2258 3190 8 8 -

1209 3213 118 20 erreurs
1341 3215 56 30 par
1408 3203 126 41 l'oubli,
1553 3217 53 19 vos
1617 3208 180 32 dissensions
1813 3222 53 31 par
1880 3214 118 31 funion
2011 3239 8 14 ,
2030 3216 78 30 dont
2122 3217 21 30 il
2159 3228 71 21 veut

1209 3244 63 30 être
1287 3244 28 30 le
1331 3256 81 34 gage.
2023 3252 7 8 *
2055 3252 76 28 '-Y'
2161 3248 26 32 .*
2239 3249 11 19 f
2265 3244 1 46 '

1245 3286 235 43 LeSpromesses
1492 3287 74 40 qu'il
1577 3300 76 19 vous
1663 3291 175 32 renouvelle
1845 3294 253 34 solennellement
2108 3300 110 40 aujour-

1211 3325 107 39 d'hui,
1342 3326 19 30 il
1385 3327 89 30 brûle
1495 3330 39 28 de
1557 3330 43 30 les
1625 3332 167 41 accomplir
1812 3343 30 21 et
1864 3335 37 33 de
1924 3337 148 41 signaler,
2095 3351 53 30 par
2174 3352 56 19 son

1208 3378 111 20 amour
1332 3374 27 21 et
1372 3378 45 20 ses
1431 3369 156 39 bienfaits,
1604 3370 27 31 le
1645 3381 137 21 moment
1798 3374 123 31 fortuné
1937 3374 71 43 qui,
2023 3390 38 18 en
2076 3371 44 40 lui
2134 3393 79 20 rame-

1209 3415 74 22 nant
1298 3419 47 19 ses
1356 3410 92 40 sujets
1462 3432 7 14 ,
1492 3422 35 19 va
1548 3410 28 31 le
1597 3412 110 31 rendre
1723 3416 15 28 à
1753 3426 46 18 ses
1812 3417 115 30 enfans.
1950 3419 70 28 Fève
2037 3422 27 27 le
2079 3422 80 31 Roi!

1253 3448 136 41 Vesoul,
1417 3462 37 30 27
1476 3450 118 32 février.

1703 3496 90 38 Signé
1815 3497 350 39 CHARLES-PHILIPPE.

1354 3531 51 31 De
1419 3544 56 28 par
1486 3531 65 33 Son
1566 3533 118 32 Altesse
1701 3535 135 44 Royale,

1293 3578 5 45 .
1411 3598 12 6 -
1522 3578 5 45 ■
1566 3591 15 12 T
1596 3578 103 38 -Sijnè
1709 3578 25 31 le
1749 3587 102 24 comte
1867 3579 170 44 FRANÇOIS
2053 3585 177 34 D'ESCARS.

1552 3634 170 13 wtvvtvvvxvi
1729 3639 161 12 xvwvxvwvt

1208 3673 226 32 Proclamation
1453 3673 43 31 du
1509 3677 255 43 conseil-général
1776 3681 41 31 du
1833 3683 200 43 Département
2044 3687 34 31 de
2095 3681 31 38 ta
2140 3692 90 28 Seine

1444 3720 30 25 et
1488 3717 40 28 du
1543 3722 115 26 conseil
1669 3725 165 38 municipal
1847 3726 34 28 de
1896 3726 97 32 Paris.

1333 3768 151 31 Haliitans
1506 3770 37 30 de
1566 3771 113 38 Paris,

1247 3820 67 31 Vos
1328 3823 167 40 magistrats
1505 3824 135 32 seroient
1654 3827 117 31 traîtres
1779 3839 109 22 envers
1899 3842 74 21 vous
1989 3843 30 21 et
2030 3835 27 31 la
2073 3839 107 40 patrie,
2190 3839 37 38 si,

1228 64 0 67 3
