2467 3978
372 66 177 33 SAMEDI
572 79 18 20 2
612 67 255 37 AVRIL.*Bt?I

2203 77 0 60 1

541 223 580 91 JOURNAL
1186 231 229 83 DES
1486 216 464 106 DÉBATS

634 378 502 66 POLITIQUES
1170 384 104 52 ET
1310 370 544 74 LITTÉRAIRES.

608 514 198 31 FRANCE.

441 569 337 32 Saint-Jean—de-Luz
788 595 8 14 ,
821 583 20 19 a
855 573 115 39 février.

345 622 193 26 Proclamation
550 626 34 24 du
599 627 109 30 général
717 634 32 17 en
762 627 69 33 chef
834 627 60 25 lord
908 627 165 33 Wellington.

402 667 144 43 Français
557 671 7 28 !

234 719 53 31 Au
295 729 141 22 moment
451 720 131 32 d'entrer
595 735 52 19 sur
658 731 87 22 votre
755 725 164 37 territoire,
938 725 44 33 les
996 728 150 41 généraux
1160 726 52 32 des

195 762 113 28 armées
317 761 100 31 alliées
431 763 181 40 espagnoles
624 771 28 22 et
665 764 211 43 britanniques
889 768 116 31 croient
1017 769 106 30 devoir
1139 780 73 19 vous

193 800 74 30 faire
282 803 162 28 connoître
464 796 80 38 leurs
560 806 167 31 intentions
743 814 30 21 et
789 806 44 31 les
853 817 72 21 vues
941 809 53 38 qui
1013 809 43 30 les
1072 809 139 44 dirigent.

195 840 43 31 La
253 841 105 35 liberté
372 850 28 22 et
415 842 27 31 la
458 847 151 37 conquête
624 846 35 31 de
674 846 66 31 leur
754 848 48 30 roi
816 855 44 21 est
873 849 30 28 le
918 848 92 30 noble
1026 849 56 30 but.
1095 850 111 37 auquel

191 882 133 39 aspirent
340 883 44 31 les
396 882 184 44 Espagnols.
599 886 44 30 Le
665 895 106 21 retour
789 887 37 30 de
844 888 112 31 l'ordre
974 896 30 22 et
1024 889 38 31 de
1077 889 28 31 la
1122 899 72 22 tran-

190 921 120 39 quillité
325 926 141 38 générale
478 937 64 18 sera
560 926 28 30 la
604 928 198 37 récompense
816 927 38 31 de
870 928 67 32 leur
951 930 63 31 zèle
1031 938 30 22 et
1075 931 37 30 de
1126 931 84 32 leurs

188 961 115 31 efforts.
324 961 4 31 .

230 1002 122 43 Depuis
366 1011 70 34 trop
452 1005 195 43 long-temps
660 1030 11 15 ,
697 1006 151 45 l'Europe
870 1017 30 22 et
925 1010 27 30 le
977 1010 120 32 Monde
1114 1012 94 31 entier

188 1051 71 21 sont
272 1045 197 31 inondés'dés
483 1046 69 31 flots
567 1048 72 30 d'un
653 1059 73 32 sang
739 1051 148 31 innocent
908 1062 58 28 que
985 1051 26 30 la
1030 1055 139 39 tyrannie
1191 1065 15 19 a

188 1084 53 28 fait
263 1085 122 35 couler;
404 1089 107 38 pères,
534 1090 117 37 mères,
671 1089 144 40 Français
835 1090 38 31 de
889 1098 69 24 tous
984 1090 43 31 les
1049 1093 105 31 ordres
1176 1103 32 21 et

188 1123 39 30 de
247 1131 70 24 tous
338 1127 41 30 les
400 1129 94 34 états,
521 1140 38 19 au
586 1141 74 19 nom
684 1129 38 31 de
748 1131 200 38 l'humanité,
973 1135 152 31 réunissez
1154 1147 52 18 vos

187 1165 104 31 efforts
313 1179 59 18 aux
394 1170 120 32 nôtres;
540 1165 35 37 ils
599 1172 231 39 parviendront,
860 1173 69 30 n'en
952 1174 112 30 doutez
1094 1187 70 27 pas,
1191 1179 15 27 à

185 1205 98 32 briser
299 1207 27 28 le
341 1209 274 41 joug.oppresseur
631 1222 72 19 sous
723 1213 100 39 lequel
840 1225 76 18 vous
935 1214 53 30 fait
1004 1217 94 38 gémir
1115 1215 71 32 Tarn

187 1245 98 33 bition
299 1247 176 32 démesurée
490 1251 74 30 d'un
580 1253 115 28 nouvel
707 1253 105 30 Attila.
828 1253 45 32 Ce
888 1254 77 31 n'est
978 1256 91 39 qu'au
1085 1260 69 37 prix
1167 1259 38 28 de

184 1294 87 22 votre
285 1299 73 32 sang
373 1291 76 39 qu'il
464 1292 104 28 achète
586 1292 43 30 les
647 1293 171 41 triomphes
833 1307 8 24 ;
867 1306 33 19 ce
925 1294 77 31 n'est
1030 1309 58 28 que
1106 1310 50 18 sur
1178 1299 27 30 la

188 1326 188 33 destruction
387 1332 37 28 de
437 1343 51 18 vos
504 1333 190 39 générations
710 1335 76 40 qu'il
802 1337 125 39 prétend
941 1337 111 31 fonder
1065 1338 27 28 la
1109 1350 77 27 gran-

185 1368 77 31 deur
279 1370 37 30 de
338 1383 57 18 son
412 1372 156 31 exécrable
593 1384 84 26 race;
700 1377 138 39 étranger
859 1380 14 26 à
892 1384 67 22 tous
978 1377 41 30 les
1041 1385 164 25 sentuneus

185 1409 38 30 de
239 1409 28 30 la
281 1419 109 24 nature
400 1435 8 12 ,
425 1415 15 27 à
457 1424 74 19 ceux
547 1417 100 27 même
671 1416 52 39 qui
738 1419 209 30 caractérisent
970 1420 40 27 les
1029 1422 81 27 âmes
1134 1421 70 30 bien

184 1453 85 35 nées,
287 1452 21 30 il
325 1463 37 19 ne
376 1454 61 35 vit,
459 1455 22 28 il
504 1455 125 31 n'existe
647 1468 59 27 que
722 1469 81 28 pour
826 1457 274 33 détruire.--Venez
1121 1462 83 31 donc

182 1498 71 24 tous
280 1504 76 19 vous
378 1506 109 28 ranger
514 1508 70 18 sous
604 1496 28 31 la
652 1495 148 32 bannière
821 1501 99 28 sacrée
945 1500 39 30 de
1005 1512 53 19 vos
1082 1502 120 39 princes

182 1531 150 41 légitimes
345 1547 7 22 ;
369 1546 59 28 que
443 1537 27 28 le
487 1547 72 19 nom
573 1538 37 28 de
624 1538 151 31 Bourbon
788 1540 60 30 soit
862 1548 85 22 votre
963 1548 67 22 mot
1044 1541 38 30 de
1102 1541 85 32 rallie-

182 1579 104 32 ment,
301 1581 31 24 et
353 1586 59 30 que
432 1576 30 30 le
485 1577 130 43 drapeau
638 1577 106 40 blanc,
769 1580 143 40 symbole
922 1583 128 40 antique
1067 1583 35 30 de
1117 1592 85 21 votre

182 1612 157 39 bonheur,
358 1626 31 19 se
404 1616 171 43 développe
595 1631 50 17 sur
834 1631 30 20 et
879 1623 74 40 qu'il
966 1629 115 24 Couvre
1095 1624 37 31 de
1146 1637 56 18 son

183 1655 109 30 ombre
305 1668 52 18 vos
369 1668 167 30 personnes
547 1668 31 21 et
589 1671 53 19 vos
658 1662 178 40 propriétés.
854 1662 51 31 En
919 1675 74 19 vous
1004 1664 129 33 rendant
1144 1677 58 19 aux

182 1695 105 31 enfans
296 1697 37 28 de
343 1697 223 39 Saint-Louis,
585 1711 73 19 vous
673 1713 152 21 assurerez
836 1706 17 27 à
867 1704 104 38 jamais
984 1713 85 24 votre
1084 1717 115 31 propre

182 1734 207 43 tranquillité,
405 1739 74 31 celle
496 1740 37 30 de
547 1749 85 22 votre
646 1742 110 40 patrie,
780 1742 37 31 de
836 1743 170 43 l'Europe,
1030 1746 41 30 du
1087 1748 113 30 monde

183 1776 105 31 entier.
445 1782 28 19 v

224 1818 52 30 Au
293 1820 278 41 quartier-général
588 1822 37 30 de
639 1822 136 39 Tolosa,
793 1825 28 30 le
837 1837 37 30 27
889 1827 76 39 juin.

306 1859 89 31 Pour
409 1863 89 39 copie
515 1863 158 31 conforme
689 1874 7 18 :
895 1890 6 6 .
963 1894 6 6 ,

443 1903 138 31 JÉRÔME
598 1905 149 39 OGILVY,
765 1910 411 41 quattier-niGÎire-général.

458 1978 24 24 y
506 1964 191 38 -Bordeaux,
720 1969 35 34 14
771 1978 85 19 mare.

184 2020 81 32 «La
280 2022 126 39 journée
424 2023 43 30 du
488 2036 34 18 12
543 2036 80 19 mars
638 2036 34 19 va
687 2026 124 33 devenir
824 2041 81 28 pour
921 2029 27 31 la
971 2030 70 32 ville
1056 2033 38 30 de
1110 2031 67 32 Bor-

180 2059 96 31 deaux
292 2062 143 39 l'époque
449 2063 27 31 la
494 2065 70 41 plus
580 2066 151 40 glorieuse
749 2081 58 27 que
828 2070 138 39 puissent
981 2083 158 20 consacrer
1154 2074 43 31 les

178 2101 87 30 fastes
276 2101 37 31 de
327 2102 157 37 l'histoire.
495 2107 118 40 Depuis
625 2107 190 44 long-temps
829 2111 43 30 les
883 2112 159 31 Bordelais
1056 2114 143 32 s'étoient

176 2146 174 35 prononcés
369 2153 105 21 contre
500 2146 28 30 le
549 2157 246 31 gouvernement
819 2163 183 30 oppresseur
1023 2156 53 38 qui
1098 2156 99 31 faisoit

177 2184 98 39 gémir
293 2184 28 30 la
351 2185 117 30 France
480 2199 7 24 ;
519 2190 76 28 mais
621 2189 37 30 ils
674 2190 154 31 n'avoîent
848 2204 53 30 pas
918 2204 110 20 encore
1043 2198 107 27 trouvé
1168 2198 27 30 le

175 2232 139 22 moment
328 2225 157 32 favorable
504 2239 81 30 pour
599 2239 124 20 secouer
743 2231 26 30 le
785 2232 81 41 joug.
886 2233 64 30 Des
966 2236 139 41 citoyens
1119 2238 77 30 zélés

175 2264 203 32 travailloient
393 2269 171 39 cependant
580 2281 38 19 en
631 2280 93 21 secret
739 2284 35 19 au
790 2270 242 35 rétablissement
1049 2277 41 30 du
1108 2290 64 27 gou-

172 2315 180 21 vernement
366 2310 141 44 paternel
520 2310 52 31 des
586 2311 159 40 petits-fils
758 2314 37 30 de
808 2315 99 30 Henri
922 2315 59 31 IV.
998 2316 45 31 M.
1056 2314 109 47 Lynch
1183 2343 7 14 ,

175 2347 104 28 ancien
293 2356 156 32 magistrat
464 2362 38 18 au
516 2352 174 39 parlement
704 2354 38 28 de
762 2350 163 35 Bordeaux
938 2379 8 15 ,
978 2368 58 28 que
1057 2357 30 31 la
1107 2359 64 30 Pro-

172 2386 128 32 vidence
319 2389 81 31 avoit
418 2391 98 31 thoisi
535 2402 81 31 pour
634 2393 119 31 donner
781 2395 27 30 le
830 2396 118 41 signal,
977 2408 31 19 se
1023 2401 170 31 concertoit
1212 2386 1 52 '

171 2438 74 19 avec
275 2428 45 31 M.
364 2430 12 30 i
390 2431 96 31 affard
515 2432 35 30 de
580 2433 87 31 Saint
684 2453 11 4 -
711 2434 148 32 Germain
876 2461 8 13 ,
925 2440 206 32 commissaire
1154 2441 37 31 de

171 2467 32 31 S-
231 2467 44 32 M-
306 2470 93 31 Louis
422 2472 135 38 XVIII,
586 2485 80 30 pour
691 2477 128 39 profjtcr
836 2478 43 30 du
898 2480 132 39 premier
1042 2491 148 21 moment.

171 2507 152 32 L'arrivée
339 2511 38 30 de
394 2511 123 33 l'armée
535 2515 135 40 anglaise
689 2528 52 18 sur
763 2517 28 28 le
815 2519 150 30 territoire
981 2520 142 40 français,
1148 2515 41 39 les

171 2551 164 30 senlimens
358 2554 111 38 grands
487 2562 30 22 et
531 2558 149 37 généreux
707 2550 38 37 de
762 2565 79 24 cette
862 2561 104 30 nation
992 2564 50 38 qui
1065 2575 14 18 a
1101 2567 89 27 sauvé

169 2590 154 43 l'Europe
332 2591 38 31 de
381 2593 137 32 l'esclave
533 2603 27 21 et
574 2596 35 28 de
625 2597 206 41 l'oppression
843 2623 7 12 ,
880 2608 65 22 tout
960 2602 98 31 faisoit
1069 2607 122 39 espérer

172 2642 59 27 que
267 2633 30 30 le
325 2635 70 38 jour
430 2636 38 28 de
506 2636 27 30 la
560 2636 170 33 délivrance
772 2641 194 41 approchoit.
1005 2643 54 32 On
1088 2648 102 38 apprit

171 2673 80 28 alors
267 2685 57 28 que
338 2674 33 30 S.
390 2676 38 30 A.
446 2675 40 31 R.
506 2676 80 40 Mgr.
601 2679 27 30 le
651 2679 58 31 duc
725 2681 246 41 d'Angoulême,
996 2686 73 28 étoit
1093 2688 94 30 arrivé

170 2714 17 27 à
213 2714 122 30 l'armée
350 2727 7 24 ;
384 2715 28 31 le
428 2718 148 40 petit-fils
598 2720 35 28 de
648 2721 98 30 Henri
762 2721 61 39 IV,
842 2722 126 41 l'époux
984 2725 35 30 de
1036 2726 28 30 S.
1076 2728 26 27 A
1128 2728 33 28 il.
1176 2752 8 14 ,

169 2753 64 31 fille
250 2753 35 31 de
304 2754 93 32 Louis
411 2758 100 39 XVI,
540 2760 73 31 était
635 2764 83 28 entré
739 2765 15 26 à
777 2763 351 34 Saint-Jean-de-Luz.
1147 2769 39 31 Le

168 2796 112 30 conseil
293 2798 87 41 royal
398 2806 97 24 arrêta
510 2812 60 27 que
581 2800 45 31 M.
646 2802 433 44 deLaroche-JaqueiinetM
1100 2807 65 41 Quc-

168 2848 9 18 -1
187 2837 67 28 iaux
266 2858 9 14 ,
306 2850 31 17 se
363 2838 177 33 rendroient
561 2854 110 30 auprès
694 2844 37 28 d?
744 2844 31 30 S.
788 2845 39 30 A.
841 2845 41 30 I\.
898 2858 80 30 pour
993 2850 132 39 prendre
1140 2862 46 19 ses

169 2876 104 31 ordres
289 2885 30 22 et
340 2881 137 30 conférer
500 2891 71 21 avec
593 2883 67 31 lord
686 2882 201 46 Wellington
902 2901 8 21 ;
940 2900 31 18 sa
990 2890 168 40 seigneurie
1173 2916 7 13 ,

168 2916 135 32 dévouée
317 2930 56 19 aux
387 2920 190 40 Bourbons,
593 2926 116 39 promit
726 2935 69 20 tous
809 2927 41 31 les
866 2939 122 20 secours
1006 2933 177 30 nécessaires

165 2969 81 30 pour
259 2970 143 32 appuyer
410 2962 41 30 les
459 2963 76 31 vrais
546 2966 162 41 royalistes.
717 2965 122 44 George
856 2969 326 45 BontempsDubarry

165 2999 47 28 fut
228 3005 117 37 envoyé
359 3013 80 28 pour
455 3005 79 39 prier
550 3005 30 31 S.
596 3007 39 28 A.
652 3007 39 30 I\.
713 3007 37 30 de
764 3009 123 30 vouloir
896 3021 32 19 se
940 3012 109 28 rendre
1062 3014 15 28 à
1096 3013 66 31 Bor-

167 3040 97 30 deaux
275 3053 7 24 ;
306 3041 67 31 lord
400 3044 25 28 ri
439 3045 146 41 ellmgton
613 3047 37 30 fit.
672 3050 126 32 aussitôt
816 3051 141 30 marcher
973 3063 61 19 une
1049 3053 132 32 colonne

165 3092 50 18 sur
229 3090 77 22 celte
320 3083 71 30 ville
404 3107 9 13 ,
439 3086 20 28 il
475 3096 37 20 en
528 3086 97 32 confia
644 3089 25 30 le
685 3092 270 31 commandement
972 3105 38 18 au
1025 3094 155 31 maréchal

164 3120 164 40 Berésfprd
343 3148 8 13 ,
383 3126 79 28 aussi
478 3130 89 37 porté
582 3139 59 31 que
654 3141 30 18 sa
698 3131 169 40 seigneurie
881 3145 80 28 pour
973 3133 28 31 le
1017 3136 149 31 rétablisse-

162 3171 85 21 ment
263 3164 37 30 de
320 3163 97 32 Louis
433 3167 128 41 XVIJ.L
580 3169 138 31 Aussitôt
735 3183 58 28 que
808 3172 46 31 M.
867 3172 27 31 le
914 3176 206 31 commissaire
1139 3177 41 30 du

162 3204 45 28 roi
228 3211 30 22 et
279 3204 46 31 M.
352 3207 110 41 Lynch
483 3204 100 35 furent
601 3211 125 30 certains
748 3213 37 30 de
802 3206 136 39 l'arrivée
957 3216 53 28 des
1029 3217 151 40 généraux

162 3244 99 37 alliés,
289 3254 69 21 tout
384 3248 52 30 fut
449 3252 126 38 préparé
604 3262 80 30 pour
710 3253 44 30 les
776 3255 136 30 recevoir
932 3255 91 32 d'une
1046 3260 133 30 manière

162 3285 148 32 éclatante
325 3288 91 39 digne
443 3289 89 32 d'eux
544 3315 8 13 ,
578 3292 91 43 digne
692 3294 41 30 du
752 3296 46 28 roi
823 3295 89 40 qu'ils
938 3299 144 31 venoient
1102 3312 77 18 nous

161 3327 107 30 rendre
285 3352 8 13 ,
322 3337 30 21 et
371 3328 91 41 digne
489 3332 51 28 des
560 3333 159 31 Bordelais
736 3337 50 39 qui
808 3337 157 31 vouloient
980 3338 119 32 donner
1116 3352 63 19 une

159 3367 113 40 grande
286 3379 115 30 preuve
411 3370 257 35 dedévouement.
678 3376 221 32 Desestafettes
912 3379 103 31 furent
1029 3383 150 39 envoyées

159 3409 167 30 au-devant
338 3410 38 30 de
394 3411 44 30 M.
449 3411 27 30 le
485 3415 171 38 maréchal,
677 3424 28 21 et
722 3417 54 30 des
788 3419 126 39 députés
931 3422 146 39 partirent
1097 3433 80 30 pour

156 3457 106 33 porter
274 3451 54 30 àS.
339 3451 38 30 A.
387 3451 40 31 R.
437 3451 44 32 les
495 3465 91 20 vœux
601 3456 51 31 des
665 3457 169 33 Bordelais.
843 3461 84 39 Quel
939 3462 144 31 bonheur
1096 3475 81 28 pour
1200 3468 7 6 '

156 3502 92 27 nous,
268 3490 107 32 braves
393 3493 152 41 Gascons,
573 3497 117 32 d'avoir
716 3498 41 31 les
774 3502 146 39 prelhiers
938 3503 58 28 mis
1018 3515 57 19 aux
1089 3504 87 40 pieds

156 3530 41 30 du
215 3533 104 39 prince
334 3533 188 43 l'hommage
539 3537 43 31 du
598 3548 118 32 respect
738 3533 78 38 et'de
828 3542 26 30 la
865 3537 115 45 fidçlité
991 3546 7 30 !

196 3573 139 30 Aussitôt
361 3586 59 28 que
444 3576 46 31 M.
506 3576 28 31 le
561 3578 156 32 maréchal
743 3582 163 31 fut.arrivé
924 3595 38 19 au
983 3593 79 35 pont
1085 3585 38 32 de
1147 3586 27 31 la

156 3613 92 41 May,
273 3614 26 28 le
322 3614 124 33 colonel
472 3617 113 33 Vivien
604 3620 44 30 fut
678 3625 117 40 envoyé
821 3625 15 28 à
860 3625 45 28 M.
921 3624 28 31 le
973 3627 96 34 mpire
1095 3638 80 31 pour

214 3666 14 18 ®
231 3666 40 19 un
275 3666 93 19 oncer
386 3667 58 30 que
462 3670 30 19 sa
507 3660 169 40 seigneurie
696 3665 120 32 croyoit
828 3673 102 22 entrer
943 3666 73 34 dans
1030 3678 59 19 une
1104 3667 70 31 ville

152 3693 87 32 alliée
252 3704 30 21 et
293 3698 130 28 soumise
437 3702 15 27 à
468 3699 30 30 S.
509 3699 45 31 M.
573 3702 93 31 Louis
679 3704 33 30 X
718 3704 22 28 V
750 3699 65 39 lll;
841 3705 25 30 il
881 3718 38 18 en
932 3715 85 33 reçut
1030 3707 72 31 bien
1114 3710 59 28 vite

154 3735 8 30 1
175 3746 159 21 assurance
359 3738 37 30 de
410 3739 46 31 M.
471 3739 122 43 .Lynch.
615 3743 84 31 MM.
715 3744 44 30 les
771 3745 146 41 adjoints,
937 3751 130 27 escortés
1082 3748 92 34 d'une

150 3777 92 43 garde
263 3777 105 45 royale
383 3790 69 20 sans
470 3782 168 41 uniforme,
658 3796 30 19 se
710 3787 157 31 rendirent
891 3791 107 35 auprès
1022 3790 35 31 de
1082 3790 46 31 M.
1146 3790 27 31 le

1284 522 168 37 maréchal;
1480 522 27 32 la
1525 526 128 30 cocarde
1668 527 131 31 blanche
1815 528 47 31 fut
1873 529 128 32 aussitôt
2011 530 144 37 arborée;
2178 530 27 31 le
2228 530 57 32 dra-

1285 573 78 28 peau
1381 563 87 31 blanc
1479 565 83 31 flotta
1578 578 52 18 sur
1644 567 26 30 le
1687 567 123 32 clocher
1830 568 35 31 de
1885 567 243 44 Saint-Michel;
2153 581 30 21 et
2206 573 46 31 M.
2272 574 30 30 le

1283 605 94 28 maire
1389 605 117 30 adressa
1524 608 14 27 à
1556 607 34 31 M
1617 607 26 30 le
1657 609 156 30 maréchal
1826 621 41 18 un
1887 611 135 31 discours
2046 613 67 39 qui,
2131 614 171 39 exprimant

1284 644 27 28 le
1328 656 65 18 vœu
1408 646 50 30 des
1473 646 171 40 Bordelais,
1664 651 123 39 pénétra
1812 651 34 28 de
1863 652 165 31 sensibilité
2052 660 70 24 tous
2133 654 43 30 les
2200 665 102 19 cœurs

1283 685 37 28 de
1339 696 73 20 ceux
1434 687 52 40 qui
1513 696 111 32 purent
1650 689 178 32 l'entendre.
1856 691 81 40 Quel
1963 692 122 31 charme
2112 694 37 28 de
2165 694 45 30 lui
2235 696 66 28 voir

1283 725 126 40 déposer
1426 738 53 19 son
1494 729 146 41 écharpè,
1658 731 130 40 prendre
1807 731 144 41 l'antique
1963 735 152 34 emb'ème
2127 736 51 28 des
2194 735 85 30 Fran-

1281 767 74 39 çais,
1376 775 27 22 et
1416 769 126 30 arborer
1558 777 77 24 cette
1650 772 129 30 cocarde
1796 772 141 38 blanche,
1956 775 142 40 symbole
2118 776 35 30 de
2177 776 25 30 la
2226 776 73 39 paix

1280 814 31 21 et
1324 807 39 31 du
1381 808 150 32 bonheur.
1559 811 63 30 Des
1644 813 58 28 cris
1724 814 37 28 de
1776 816 63 26 vtve
1852 815 26 27 le
1894 815 83 30 Roi!
2002 816 53 41 qui
2076 827 31 19 se
2128 816 172 39 répétoient

1279 857 38 19 en
1331 848 77 32 écho
1419 865 11 22 ;
1444 850 250 43 interrompirent
1708 861 130 24 souvent
1853 854 44 31 M.
1911 854 27 31 le
1952 856 92 30 maire
2059 865 30 22 et
2100 856 45 31 M.
2154 857 26 28 le
2196 859 84 28 maré-

1280 888 83 35 chal;
1385 902 26 17 <a
1427 893 170 39 seigneurie
1613 895 102 39 répéta
1731 894 72 30 d'un
1819 902 53 22 ton
1896 896 169 30 affectueux
2085 898 28 28 la
2141 907 157 32 promesse

1278 928 71 31 faite
1376 937 39 22 'ir
1430 931 69 30 lord
1519 933 220 40 Wellington;
1761 934 27 31 le
1808 938 123 39 cortège
1955 948 31 19 se
2006 939 89 28 remit
2115 938 183 30 on«marche

1278 980 81 28 pour
1374 979 113 22 rentrer
1501 974 15 27 à
1532 972 155 33 l'hôtelde
1698 976 89 37 villé';
1804 977 28 28 le
1846 977 112 40 peuple
1981 979 167 40 se,portait
2164 990 37 19 en
2216 978 83 30 foule

1277 1010 174 32 au-devant
1465 1011 52 32 des
1526 1012 197 40 libérateurs,
1742 1016 43 31 les
1799 1017 57 30 cris
1872 1017 37 30 de
1925 1023 63 26 vive
2002 1022 26 27 le
2042 1020 81 28 Roi!
2146 1023 98 27 vivent
2255 1020 44 28 les

1278 1050 104 31 BoùrG
1403 1064 32 17 ru
1441 1055 11 27 !
1474 1052 138 31 Honneur
1624 1068 65 17 aux
1704 1057 129 38 Anglais
1846 1059 9 27 !
1878 1062 64 27 vive
1959 1061 137 28 le-maire
2107 1062 11 27 !
2143 1071 30 18 se
2185 1062 112 28 succé—

1257 1090 5 51 .
1276 1090 107 32 doient
1397 1104 67 18 sans
1479 1104 80 20 cesse
1571 1107 7 22 ;
1598 1096 26 28 le
1637 1104 228 24 contentement
1874 1100 74 28 étoit
1961 1111 51 18 sur
2026 1108 69 21 tous
2111 1101 43 30 les
2165 1102 112 39 visages
2287 1113 14 25 ;

1277 1131 50 30 des
1342 1131 106 32 larmes
1463 1135 37 30 de
1515 1136 60 38 joie
1590 1136 157 32 couioient
1762 1139 37 30 dé
1815 1147 70 21 tous
1911 1140 40 28 les
1980 1152 78 30 yeux
2068 1153 7 22 ;
2104 1141 129 34 l'aurore
2252 1141 45 31 du.

1276 1172 139 32 bonheur
1430 1187 31 18 se
1479 1174 100 33 levoit.
1598 1176 46 31 M.
1661 1178 26 30 le
1702 1180 170 38 maréchal,
1891 1181 94 30 arrivé
2002 1185 14 25 à
2033 1182 19 30 1'
2068 1182 71 30 >ôtel
2153 1182 38 30 de
2205 1182 67 31 ville
2282 1195 18 25 y

1273 1222 86 32 reçut
1381 1214 80 32 MM.
1476 1215 44 31 les
1534 1218 149 40 adjoints,
1710 1220 45 28 M.
1779 1220 25 30 le
1819 1222 208 30 commhsàire
2043 1224 39 28 du
2100 1224 65 38 roi,
2185 1224 111 30 décoré

1274 1253 37 31 de
1339 1254 151 44 l'écharpe
1518 1259 125 40 royale,
1674 1263 152 37 présentés
1851 1272 57 30 par
1933 1261 43 30 M.
2008 1264 26 28 le
2061 1265 110 35 maire;
2198 1264 46 31 M.
2264 1264 32 28 le

1273 1297 120 39 général
1407 1298 102 30 donna
1525 1298 35 30 de
1578 1300 157 31 nouvelles
1752 1312 171 20 assurances
1946 1303 37 30 de
2006 1303 28 31 la
2055 1305 175 40 protection
2255 1304 41 31 de

1272 1346 30 19 sa
1318 1337 97 41 loyale
1429 1341 117 28 nation.

1318 1377 77 31 Mais
1415 1377 41 31 les
1480 1380 216 32 acclamations
1720 1383 43 30 du
1786 1385 126 41 peuple,
1943 1387 76 28 mais
2044 1394 70 22 tous
2135 1385 43 30 les
2194 1396 98 20 cœurs

1272 1417 220 33 demandoient
1507 1421 26 28 le
1547 1423 105 38 prince
1664 1435 6 25 ;
1696 1423 119 31 chacun
1844 1426 119 31 vouloit
1984 1428 67 27 voir
2074 1427 31 28 le
2131 1439 98 18 neveu
2252 1427 39 30 de

1272 1470 54 18 son
1356 1461 61 33 roi;
1442 1473 40 18 on
1513 1461 123 32 vouloit
1665 1467 170 40 témoigner
1863 1469 14 26 à
1902 1467 122 41 l'époux
2050 1467 37 30 de
2118 1467 28 31 la
2166 1468 64 30 fille
2254 1467 39 30 de

1274 1500 96 31 Louis
1384 1498 84 33 XVI
1487 1509 84 24 toute
1585 1504 163 34 l'affection
1772 1507 92 37 qu'on
1884 1507 44 31 lui
1950 1509 124 39 portoit.
2102 1508 31 31 A
2154 1508 138 31 l'instant

1270 1551 100 20 meme
1391 1544 96 28 arriva
1508 1545 44 27 M.
1571 1545 27 28 le
1625 1546 58 30 duc
1711 1546 37 30 de
1775 1547 137 39 Guiche,
1943 1559 78 33 pour
2049 1560 155 19 annoncer
2231 1559 60 32 que

1270 1580 84 31 S.A.
1374 1581 40 30 R.
1440 1585 91 28 seroit
1554 1586 17 28 à
1598 1585 164 32 Bordeaux
1795 1597 90 21 avant
1915 1591 74 28 trois
2017 1590 126 38 heures,
2171 1602 57 28 que
2255 1600 35 19 ce

1270 1623 106 40 prince
1390 1633 32 19 se
1436 1624 139 39 reqdroit
1589 1628 125 30 aussitôt
1727 1631 14 26 à
1763 1630 27 28 la
1814 1630 182 31 cathédrale.
2029 1631 90 30 Cette
2146 1631 143 31 nouvelle

1269 1663 48 30 fut
1332 1663 120 31 bientôt
1463 1667 122 40 répétée
1599 1678 57 30 par
1676 1669 85 30 mille
1787 1670 100 31 échos.
1918 1670 48 31 De
1989 1683 162 19 nouveaux
2172 1672 56 30 cris
2250 1671 39 30 de

1271 1707 61 27 vive
1349 1707 26 27 le
1393 1706 79 30 Roi!
1494 1702 178 39 s'élevèrent
1688 1709 35 31 de
1740 1717 99 24 toutes
1857 1719 94 34 parts;
1969 1711 26 30 la
2013 1713 58 40 joie
2085 1713 43 30 fut
2151 1711 138 43 générale

1270 1742 74 32 dans
1359 1753 91 22 toute'
1470 1747 25 28 là
1520 1747 85 37 ville;
1632 1748 38 31 de
1683 1752 174 30 nombreux
1884 1752 216 32 détachemens
2127 1754 37 30 de
2185 1756 105 39 jeunes

1267 1786 158 43 royalistes
1440 1788 148 39 partirent
1599 1800 79 31 pour
1694 1791 73 31 aller
1781 1794 170 31 au-devant
1967 1794 37 28 de
2022 1794 30 31 S.
2075 1795 35 28 A.
2133 1794 31 32 R
2198 1794 35 32 M
2262 1793 27 31 le

1269 1827 94 30 maire
1376 1835 105 22 monta
1494 1831 118 28 ensuite
1626 1831 74 30 dans
1713 1844 30 18 sa
1757 1833 119 31 voiture
1892 1846 71 19 avec
1981 1834 41 30 M:
2042 1835 26 30 le
2079 1837 206 28 commissaire

1270 1867 41 30 du
1326 1867 63 37 roi;
1411 1867 81 32 MM.
1507 1870 41 30 les
1569 1871 130 40 adjoints
1716 1880 28 21 et
1763 1885 58 19 une
1838 1877 94 38 partie
1950 1876 41 28 du
2014 1886 90 31 corps
2120 1876 169 41 municipal

1269 1907 43 31 les
1326 1912 285 38 accompagnèrent.
1630 1913 40 28 La
1687 1913 84 31 foule
1785 1917 76 27 étoit
1873 1916 156 30 immense.
2047 1917 137 31 Aussitôt
2192 1918 97 40 qu'on

1267 1945 126 44 aperçjit
1407 1950 30 30 S.
1454 1951 38 28 A.
1508 1950 57 39 R.,
1586 1952 45 30 M.
1646 1952 28 31 le
1690 1956 93 28 maire
1799 1963 30 22 et
1841 1963 70 24 tout
1926 1968 54 18 son
1998 1961 120 37 cortège
2138 1961 54 28 mit
2216 1957 72 41 pied

1265 1990 18 28 à
1298 1995 85 25 terré.
1402 1989 43 31 M.
1460 1990 109 41 Lynch
1585 1994 152 41 harangua
1754 1996 30 31 S.
1807 1998 37 27 A.
1860 1996 60 38 R.,
1937 2006 28 21 et
1981 2007 86 31 reçut,
2080 2002 60 32 upé
2156 2002 128 38 réponse

1266 2029 92 40 digne
1375 2030 45 30 du.
1429 2031 136 41 petit-lils
1584 2034 131 31 d'Henri
1731 2035 47 31 IV
1788 2048 6 24 ;
1814 2037 162 30 l'oùGlidu
1988 2040 102 34 passé.,
2107 2039 28 28 le
2152 2040 136 28 GonHeur

1263 2082 79 28 pour
1352 2072 138 35 G'avejiir:,
1521 2074 78 28 voilà
1615 2086 33 19 ce
1663 2087 39 27 qu
1716 2075 20 31 il
1759 2078 104 30 venoit
1879 2085 146 34 apporter
2046 2092 57 17 aux
2125 2080 163 40 Français,'

1265 2111 83 31 voilà
1356 2111 40 30 les
1413 2114 165 30 sentimens
1594 2114 52 31 des
1663 2115 184 41 Bourbons,
1866 2120 78 27 voilà
1965 2119 26 28 le
2016 2132 71 18 vœu
2107 2120 40 30 du
2178 2121 59 31 Roi
2255 2126 31 26 et

1265 2152 38 30 de
1317 2159 67 24 tous
1397 2152 41 31 les
1455 2163 130 33 princes.
2277 2163 9 21 ?

1305 2192 31 32 S.
1355 2194 38 30 A.
1413 2194 35 30 R.
1462 2205 31 19 se
1508 2197 57 28 mit
1580 2207 38 18 en
1631 2198 124 31 marche
1770 2210 66 20 vers
1854 2199 26 30 la
1898 2200 189 38 cathédrale,
2114 2211 28 21 et
2157 2202 27 31 la
2198 2202 84 31 foule

1263 2233 185 41 remplissoit
1462 2244 98 22 toutes
1585 2237 41 30 les
1650 2250 69 18 rues
1728 2251 8 24 ;
1763 2251 41 19 on
1820 2239 118 31 vouloit
1965 2244 67 27 voir
2057 2244 25 28 le
2107 2244 105 41 prince
2229 2257 8 17 :
2259 2243 24 32 il
2302 2233 1 52 '

1263 2275 146 31 s'arrêtoit
1427 2277 15 28 à
1459 2277 116 40 chaque
1589 2280 112 30 instant
1714 2291 80 31 pour
1807 2281 104 34 lais.ser
1923 2283 80 39 jouir
2019 2283 43 31 les
2081 2283 144 43 Français
2238 2285 45 30 du

1263 2315 139 32 bonheur
1434 2317 37 31 de
1499 2317 27 31 lé
1553 2321 200 40 Contempler.
1798 2321 46 31 M.
1853 2328 15 14 *
1880 2322 213 43 l'archevêque
2131 2326 152 31 attèndoit

1263 2355 34 31 S.
1312 2357 38 30 A.
1370 2356 37 31 R.
1419 2360 15 27 à
1455 2359 26 28 la
1501 2367 90 33 porte
1617 2361 37 28 de
1677 2362 28 28 la
1729 2361 174 32 cathédrale
1916 2375 8 24 ;
1948 2355 104 39 toute'
2066 2365 111 43 l'église
2200 2367 81 31 étoit

1260 2398 149 41 remplie,
1433 2407 28 22 et
1474 2400 63 30 l'on
1552 2412 34 19 ne
1604 2402 119 39 parvint
1739 2405 141 39 qu'après
1897 2406 71 28 trois
1994 2414 102 32 quarts
2119 2402 125 35 d'Kèure
2262 2409 15 27 à

1259 2439 142 39 pénétrer
1416 2440 141 40 jusqu'au
1579 2445 178 27 sanctuaire.
1781 2444 43 31 La
1851 2446 125 30 sainteté
2003 2447 41 30 tlu
2072 2447 61 31 lieu
2161 2460 37 18 ne
2223 2456 56 34 put

1257 2480 115 28 retenir
1381 2480 43 31 les
1437 2481 213 30 acclamations
1663 2496 7 22 ;
1691 2483 44 30 les
1761 2485 57 30 cris
1839 2485 39 30 de
1896 2489 63 27 vitre
1978 2486 31 30 Le
2034 2491 83 28 Roi!
2144 2499 117 32 suspen-

1260 2518 99 32 dirent
1376 2519 26 31 la
1421 2524 190 35 cérémonie;
1633 2524 27 30 le
1676 2525 39 28 Te
1734 2525 98 30 Deum
1850 2526 47 30 fut
1923 2528 106 30 chanté
2054 2537 27 20 et
2100 2532 104 38 répété
2225 2541 56 30 par

1259 2568 67 22 tous
1348 2561 39 31 les
1410 2574 105 20 cœurs.
1539 2564 31 30 S.
1589 2564 90 31 A.R.
1695 2589 7 14 ,
1722 2567 128 30 voulant
1877 2580 133 30 prouver
2035 2581 59 19 aux
2120 2570 161 31 Bordelais

1259 2603 142 28 combien
1415 2603 57 30 elle
1486 2606 73 28 étoit
1576 2606 132 31 touchée
1722 2606 35 34 de
1780 2608 79 28 leurs
1874 2610 184 37 sentimens,
2091 2622 30 19 se
2140 2613 100 28 rendit
2261 2615 19 26 à

1258 2641 105 32 l'hôtel
1381 2643 37 31 de
1429 2643 84 38 ville,
1531 2656 81 30 pour
1626 2648 129 40 charger
1768 2648 41 30 les
1824 2650 171 39 magistrats
2017 2652 94 30 d'être
2127 2654 43 30 les
2184 2654 79 28 inter-

1258 2685 100 38 prètes
1377 2685 51 30 des
1442 2687 90 28 siens.
1554 2679 57 38 Les
1626 2687 57 31 cris
1706 2688 37 31 de
1767 2693 60 26 vive
1844 2692 27 27 le
1885 2691 81 30 Roi!
1993 2695 97 27 vivent
2111 2694 41 28 Ces
2172 2696 104 30 Bour~

1258 2725 76 28 Gonj
1344 2726 11 28 !
1377 2726 30 28 le
1420 2726 201 41 précédèrent
1635 2737 142 33 partout,
1793 2738 31 22 et
1837 2731 149 32 suivirent
2001 2744 45 20 ses
2059 2740 64 35 pa3.

1419 2789 43 28 Le
1478 2792 100 27 Maire
1592 2791 37 28 de
1643 2791 162 31 Bordeaux
1819 2793 20 30 à
1851 2803 44 20 sci
1910 2794 213 43 Concitoyens.

1358 2841 157 31 Iïabitans
1528 2842 37 31 de
1580 2843 181 40 Bordeaux,!

1252 2911 8 9 ?
1298 2893 41 30 Le
1356 2902 156 33 magistrat
1528 2897 135 35 paternel
1678 2898 38 30 de
1735 2907 81 22 votre
1838 2900 71 30 ville
1923 2913 14 18 a
1951 2902 46 30 été
2015 2903 125 43 appelé,
2160 2915 56 31 par
2231 2904 44 32 les

1256 2933 67 41 plus
1337 2934 163 32 heureuses
1517 2937 239 35 circonstances,
1768 2942 13 26 à
1799 2952 31 21 se
1840 2941 110 31 rendre
1964 2942 190 44 l'interprète
2170 2947 37 28 de
2218 2959 54 19 vos

1253 2985 90 19 VOÎUX
1350 2982 71 34 trop
1429 2976 190 41 longtemps
1628 2981 187 39 comprimés
1824 2989 28 21 et
1863 2981 136 44 l'organe
2009 2983 37 30 de
2053 2993 85 22 votre
2146 2987 124 39 intérêt,

1253 3025 79 28 pour
1339 3018 155 31 accueillir
1501 3028 37 19 en
1547 3027 84 21 voire
1639 3032 73 19 nom
1722 3021 25 30 le
1756 3033 107 26 neveu,
1876 3022 25 30 le
1909 3025 112 40 gendre
2030 3026 175 33 dqLouisX
2211 3028 58 38 VI,

1253 3056 76 30 dont
1344 3056 27 31 la
1388 3059 144 39 présence
1550 3061 117 40 change
1683 3072 38 19 en
1741 3063 85 28 alliés
1840 3064 51 30 des
1912 3065 126 40 peuples
2060 3067 111 39 irrités,
2194 3064 51 46 qui
2259 3052 9 14 '

1252 3097 118 40 jusqu'à
1387 3110 54 18 vos
1454 3107 117 32 portes,
1591 3110 54 21 ont
1659 3112 37 19 eu
1711 3102 27 30 le.
1752 3115 76 21 nom
1844 3104 175 32 d'ennemis.
2276 3128 8 6 -

1292 3138 94 39 Déjà,
1407 3138 177 41 Bordelais,
1605 3141 40 32 les
1659 3144 240 39 proclamations
1919 3157 58 28 que
1989 3170 7 14 ,
2020 3148 74 30 dans
2109 3148 142 43 l'impuis-

1251 3189 86 19 sance
1350 3178 38 31 de
1402 3180 26 30 la
1444 3191 100 30 presse
1554 3206 9 12 ,
1579 3194 53 19 vos
1646 3183 118 41 plumes
1780 3187 191 39 impatientes
1988 3196 54 22 ont
2059 3189 185 43 multipliées
2258 3214 9 13 ,

1251 3230 74 18 vous
1345 3228 53 22 ont
1414 3224 129 27 rassurés
1554 3235 52 18 sur
1628 3223 43 31 les
1690 3226 168 37 inteujions
1876 3227 37 31 de
1936 3236 89 22 notre
2048 3231 50 28 roi
2113 3239 31 22 et
2160 3243 51 18 sur
2229 3234 43 27 les

1250 3261 115 39 projets
1380 3261 38 31 de
1430 3273 46 19 ses
1491 3262 93 32 alliés.

1293 3300 44 32 Ce
1355 3302 74 31 n'est
1444 3313 53 31 pas
1513 3315 79 30 pour
1606 3307 203 39 assujélirnos
1826 3311 137 28 contrées
1976 3311 13 28 à
2002 3320 60 19 une
2076 3311 194 33 domination
2300 3300 4 46 •

1231 3341 177 48 .étrangère
1424 3353 58 31 que
1498 3345 41 30 les
1553 3346 143 40 Anglais,
1716 3347 43 31 les
1779 3347 175 44 Espagnols
1970 3356 31 24 et
2015 3351 41 30 les
2073 3352 159 44 Portugais
2248 3366 27 31 y„

1250 3385 208 39 apparoissent
1468 3397 7 22 ;
1489 3385 35 30 ils
1534 3397 31 19 se
1576 3396 70 21 sont
1659 3390 102 28 réunis
1774 3389 74 31 daîfs
1865 3391 25 28 le
1899 3391 93 38 midi,
2006 3404 120 19 comme
2139 3394 130 32 d'autres

1247 3424 129 40 peuples
1391 3437 37 18 au
1444 3428 93 35 nord,
1556 3438 80 30 pour
1649 3429 133 31 détruire
1806 3431 27 28 le
1856 3430 78 32 fléau
1957 3432 52 31 des
2031 3435 136 38 nations,
2190 3444 28 22 et
2243 3437 26 30 le

1247 3464 169 41 remplacer
1447 3478 53 30 par
1526 3480 41 17 un
1597 3480 189 32 monarque,
1811 3474 74 38 père
1911 3474 39 28 du
1975 3476 135 39 peuple;
2134 3487 32 20 ce
2190 3477 78 32 n'est
2284 3483 14 13 x

1246 3516 100 19 meme
1361 3519 59 30 que
1433 3519 56 30 par
1502 3508 44 31 lui
1561 3520 152 30 que-nous
1730 3523 142 30 pouvons
1886 3515 118 39 apaiser
2016 3515 28 30 le
2056 3519 211 31 ressentiment

1247 3546 90 31 d'une
1354 3548 105 31 nation
1480 3550 135 38 voisine,
1638 3560 104 21 contre
1765 3553 130 41 laquelle
1916 3567 77 18 nous
2015 3559 85 28 avoit
2119 3557 99 32 lancés
2237 3560 31 31 le

1245 3587 28 32 le
1292 3587 187 41 despotisme
1495 3589 28 31 le
1540 3592 70 40 plus
1626 3592 126 41 perfide.

1286 3628 33 31 Si
1337 3631 26 38 je
1376 3630 116 31 n'avois
1506 3633 45 27 été
1564 3633 170 32 convaincu
1747 3646 59 30 que
1819 3634 27 31 la
1859 3639 144 39 présence
2019 3638 51 30 des
2085 3639 180 39 Bourbons,

1246 3666 141 33 conduits
1408 3683 54 28 par
1487 3672 65 31 leur
1577 3676 151 39 généreux
1755 3676 86 38 allié,
1872 3678 103 30 devoit
1989 3690 124 21 amener
2130 3681 24 30 la
2172 3683 39 28 fin
2230 3683 37 28 de

1246 3723 54 18 nos
1315 3722 111 25 maux,
1443 3713 28 39 je
1487 3713 215 32 n'auroissans
1719 3716 93 32 doute
1826 3718 106 39 jamais
1950 3719 209 34 déserté'votre
2172 3723 71 32 lille
2257 3737 8 22 ;

1245 3751 76 31 mais
1335 3765 6 25 j
1355 3754 102 30 aurois
1468 3755 117 30 courbé
1602 3756 26 28 la
1642 3759 60 26 tête
1715 3769 35 18 en
1768 3758 110 30 silence
1892 3771 70 18 sous
1975 3772 40 18 un
2030 3763 74 40 joug
2113 3775 154 30 passager.

1248 3794 51 30 On
1315 3804 38 18 ne
1369 3794 92 31 m'eût
1479 3796 91 39 point
1585 3809 39 18 vu
1637 3796 124 32 arborer
1779 3808 78 21 cette
1871 3800 128 32 couleur
2014 3803 53 40 qui
2081 3808 125 45 présage
2223 3816 41 19 un
