2445 3984
197 141 240 31 gouvernement
451 144 81 31 pur,
557 131 110 38 si,l'on
692 142 39 21 no
749 132 130 31 w'avofl:
891 132 122 43 -garanti
1030 142 60 31 que
1109 141 100 24 toute»

191 175 45 30 les
262 176 105 30 classes
386 177 38 27 de
441 176 136 40 citoyens
605 176 167 38 jouiroient
794 175 38 30 de
855 184 52 25 ces.
928 174 139 30 bienfaits
1091 185 59 28 que
1168 176 41 28 les

196 220 126 37 progrès
345 220 37 27 de
396 216 116 40 l'esprit,
526 216 129 35 humaip
678 216 220 39 promet!oient
908 216 18 27 à
941 223 86 28 nptre
1044 216 98 31 siècle,

242 259 54 27 Les
425 256 52 30 des
490 255 169 37 Bourbons
673 263 70 22 sont
757 267 91 30 pures
865 255 41 30 du
921 268 76 28 sang
1167 256 28 30 la-

194 304 158 24 testament
372 298 37 28 de
424 296 92 30 Louis
531 294 84 34 XVI
630 295 58 31 àla
703 299 102 34 main,
823 300 37 26 ih
875 296 139 30 àuôlient
1028 300 69 26 tout
1104 307 89 19 rcdien-

195 340 122 32 liment;
343 346 124 33 partout
489 338 34 30 ils
546 337 193 43 proclament
770 345 31 22 et
837 337 35 30 iis
912 345 151 33 prouvent
1090 348 58 28 que
1181 338 28 32 la

195 379 152 31 tolérance
363 386 43 22 est
423 379 27 28 le
467 380 132 39 premier
613 378 106 39 besçiin
741 378 37 30 de
795 378 17 30 l>
823 390 51 27 qrs
886 379 61 28 thn-
958 384 26 24 sf
998 379 138 28 Instruits
1152 390 59 26 que.

195 418 43 32 les
254 419 151 31 ministres
413 418 103 32 jd'ùne
542 419 130 40 religion
696 419 159 31 différeTife
874 418 47 30 de*
935 418 73 31 celle
1025 418 87 40 qu'ils
1130 429 59 32 pro-

194 461 109 30 fessent
313 483 7 13 ,
344 469 54 21 ont
413 462 80 40 gémi
509 471 53 19 sur
579 459 27 31 le
620 468 66 22 sort
709 459 51 31 des
785 463 60 27 rois
865 469 26 20 et
918 459 50 30 des
992 461 150 40 pontifes,
1172 461 38 30 ils

194 509 190 33 promettent
403 502 158 43 une.égale
578 503 172 39 p.rptjeetijiH
770 503 13 26 à
808 508 70 22 tous-
894 501 43 28 les
958 502 120 37 cultes,;
1098 509 30 22 et
1155 503 37 30 in-

194 549 138 32 voquent
344 544 43 30 ùn
402 542 70 31 dieu
487 542 37 30 de
536 543 69 40 paix
621 549 31 26 et
661 541 39 31 de
715 542 241 32 réconciliation.

239 582 81 31 C'est
340 594 37 21 en
399 581 161 43 déplorant
588 583 40 28 les
650 581 149 33 horribles
815 594 124 28 ravages
960 582 38 31 île
1016 581 27 30 la
1070 582 138 40 tyrannie

195 624 161 41 qu'amena
366 625 31 28 la
412 625 129 37 licence,
570 622 90 41 qu'ils
681 622 137 31 oublient
836 622 39 31 les
889 634 119 19 erreurs
1018 626 125 30 causées:
1155 626 54 39 pair

193 659 44 34 lès
254 661 139 34 illusions
415 665 37 30 de
470 665 26 30 la
516 665 117 30 liberté.
658 665 73 28 Loin
754 665 69 28 d'en
846 665 120 33 vouloir
992 667 14 26 à
1038 674 72 20 ceux
1135 666 72 39 qui,

195 716 53 22 aye
263 716 60 20 une
347 706 110 32 ardeur
481 712 67 35 trop
569 705 110 43 punie,
698 716 35 18 en
755 713 54 21 ont
824 706 159 39 poursuivi
1007 705 26 28 le
1057 706 67 30 vain
1141 706 50 30 fan-

191 749 103 34 tôme,
313 745 37 31 ils
373 755 144 21 viennent
540 746 69 32 leur
631 746 139 30 restituer
784 752 77 24 cette
875 744 106 32 liberté
999 746 143 32 véritable
1155 746 60 41 qui.

194 785 120 32 laisse-à
339 787 26 31 la
384 788 58 32 fois
470 787 26 30 le
519 785 184 44 monarque,
712 795 26 21 et
772 787 25 30 le
827 787 113 43 peuple
969 798 67 19 sans
1062 787 145 32 défiant"'.

195 827 118 33 Toutes
325 827 43 30 les
380 829 188 32 institutions
582 827 143 32 libérales
741 835 102 22 seront
856 829 200 33 maintenues.
1069 828 48 30 EU
1123 829 85 41 rayés

195 868 37 34 lie
247 868 26 30 la
291 865 109 34 facilité
418 869 50 30 des
490 866 144 41 Français
647 873 15 25 à
687 878 83 22 voter
793 869 52 28 des
862 869 285 40 impôtssoutiens
1168 869 39 30 Ju

195 908 184 43 despotisme
390 933 8 14 ,
420 909 30 31 le
470 911 105 40 prince
588 920 24 25 .s-
621 920 33 20 ra
671 911 27 30 le
710 908 139 41 premier
862 912 14 28 à
895 918 158 22 concerter
1070 920 70 19 avec
1155 920 53 19 vos

195 956 64 38 repi
268 953 139 30 ésèjjians
424 947 33 35 Je,
469 951 67 40 plus
555 950 97 43 légal,
676 952 25 32 la
717 952 180 37 répartition
914 951 26 28 la
956 954 69 38 plus
1038 951 169 40 équitable,

194 1002 80 30 pour
288 1002 59 30 que
363 985 158 47 le.peuple
540 1003 35 19 ne
588 992 60 32 s<»it
665 1003 53 31 pas
731 991 92 33 foule,
963 985 4 48 •
1050 985 4 48 .
1121 985 2 48 ,

207 1030 4 43 .
236 1031 63 32 Ces
320 1039 120 26 courtes
463 1039 31 25 et
517 1031 195 32 consolantes
732 1031 122 41 paroles
875 1042 60 30 que
965 1031 81 30 vient
1072 1030 37 31 de
1131 1041 76 20 vous

194 1071 136 33 adresser
343 1068 124 46 l'époux
482 1074 37 32 de
531 1072 27 31 la
573 1069 60 38 fil.U
650 1072 37 31 de
705 1072 97 31 Louis
811 1071 30 32 X
853 1072 22 27 V
887 1065 7 40 j
914 1085 6 17 :
940 1071 72 32 Phù
1029 1071 34 28 De
1081 1075 99 39 lyrauo
1188 1072 27 28 J~

190 1111 70 44 j>fui
268 1115 34 27 De
311 1115 133 40 guerre:!~
450 1116 66 39 plu*
528 1114 35 28 De
575 1116 200 39 condçrip'ion
783 1115 11 31 !
802 1116 66 38 ptuj
878 1114 17 27 'D
904 1114 113 43 'impôt;
1026 1114 181 28 oexufoired!

194 1154 133 40 ont-déjà
340 1157 117 28 rassuré
470 1166 52 20 vos
536 1154 137 34 familles.
699 1155 73 39 Déjà
795 1155 33 30 S.
849 1154 45 28 M.
917 1165 14 18 a
953 1154 78 28 deux
1050 1154 60 28 fois
1123 1165 61 28 pro-

191 1194 97 30 clamé
301 1198 18 26 à
337 1194 24 34 la
377 1195 64 31 face
457 1194 38 32 de
510 1191 151 46 l'Europe
678 1206 57 30 que
754 1194 131 31 l'intérêt
900 1194 38 28 de
957 1189 94 35 l'Etat
1064 1195 143 28 lui-féroit

190 1246 64 26 pne
274 1234 40 31 loi
333 1235 37 31 de
386 1233 172 37 consolider
581 1234 52 34 des
656 1243 102 25 ventes
775 1235 51 40 qui
836 1250 8 22 ;
868 1246 58 28 par
946 1234 261 31 d'iunombrables

190 1277 185 37 mutations,
397 1285 53 30 opt
471 1278 141 30 intéressé
634 1285 65 22 tant
720 1277 37 28 de
770 1276 137 41 ,familles
925 1278 15 27 à
961 1276 52 31 des
1036 1278 170 39 propriétés

193 1316 167 31 désormais
380 1318 149 39 garanties
565 1317 176 35 Bordelais,
768 1318 28 40 je
821 1329 47 18 me
891 1318 61 28 suis
974 1317 100 31 assuré
1098 1326 57 31 que
1179 1317 27 30 la

190 1357 96 38 ferme
300 1361 125 30 volonté
437 1358 39 31 de
490 1357 31 32 S.
536 1357 45 32 M.
601 1361 72 30 était
691 1358 35 31 de
743 1358 145 32 favoriser
904 1357 169 31 l'industrie
1083 1381 7 14 ,
1119 1364 30 22 et
1168 1357 38 30 de

189 1409 141 20 ramener
346 1402 99 38 parmi
464 1409 76 20 nous
562 1407 78 22 cette
656 1398 171 43 impartiale
850 1397 107 33 liberté
977 1397 37 32 de
1033 1409 172 26 commerces

190 1440 183 40 qyi,.avant
399 1441 54 40 178
454 1441 38 40 g,
511 1441 80 30 avôit
615 1440 141 41 répandu
781 1440 137 30 l'aisance
940 1437 72 31 dans
1041 1447 102 22 toutes
1165 1440 40 31 les

190 1481 109 35 çlâsses
314 1480 191 34 laborieuses.
522 1481 65 31 Vos
594 1481 130 31 récolles
737 1488 72 22 vont
817 1492 98 19 cesser
931 1480 92 31 d'être
1031 1481 174 35 ruineuses;

189 1520 45 33 les
244 1521 152 38 colonies,
413 1530 74 34 trop,
501 1521 197 45 long-temps
718 1524 138 40 séparées
870 1521 39 30 de
927 1520 30 31 la
979 1524 201 41 mère-patrie
1195 1546 7 13 ,

190 1572 73 20 vous
286 1571 102 24 seront
412 1561 131 31 rendues
554 1576 14 22 j
596 1563 28 30 la
652 1574 81 25 mer,
757 1565 52 40 qui
830 1561 76 31 étoit
930 1563 138 30 devenue
1085 1573 120 19 comme

189 1603 107 32 inutile
312 1615 81 30 pour
409 1616 94 25 vous,
521 1617 34 19 va
570 1616 138 19 ramener
723 1603 74 31 dans
811 1611 84 26 votre
907 1611 72 33 port
990 1604 51 30 des
1054 1605 152 39 pavillons

188 1645 93 34 amis;
300 1644 142 32 l'ouvrier
458 1644 158 32 laborieux
634 1657 39 19 11e
687 1656 84 20 verra
796 1644 67 41 plus
887 1655 46 18 ses
954 1648 97 27 mains
1075 1646 107 30 oisives
1194 1657 13 24 ;

188 1694 30 22 et
239 1684 25 31 le
276 1688 120 34 marin,
418 1685 98 31 rendu
536 1698 14 18 a
568 1698 30 22 sa
620 1685 93 32 noble
738 1685 193 41 profession,
946 1696 35 19 va
998 1685 144 40 naviguer
1168 1684 37 31 de

187 1737 63 25 pou
255 1737 73 18 veau
341 1737 80 30 pour
431 1729 122 27 acheter
568 1727 26 30 le
609 1739 90 30 repos
713 1727 37 31 de
763 1737 31 22 sa
808 1726 145 32 vieillesse
964 1749 9 14 ,
986 1734 30 22 et
1028 1726 106 44 léguer
1148 1737 57 19 sou

187 1768 180 39 expérience
379 1770 15 27 à
407 1778 45 19 ses
467 1768 57 30 fils.

228 1808 138 40 L'époux
383 1808 35 30 de
436 1809 24 30 la
477 1808 61 31 fille
555 1808 38 31 de
608 1807 94 34 Louis
718 1807 81 31 XVI
814 1819 31 19 es
847 1813 7 15 4
850 1833 7 5 ,
880 1807 72 30 dans
973 1819 53 20 vos
1043 1819 112 19 murs-:
1182 1808 21 31 il

184 1859 78 21 Tous
276 1851 61 27 fera
353 1848 118 31 bientôt
484 1847 146 32 entendre
647 1848 169 31 lui-même
830 1847 197 43 l'expression
1042 1847 52 31 dés
1108 1850 83 30 senti-

183 1900 90 20 mens
286 1891 52 40 qui
353 1889 156 33 l'animent
523 1898 30 22 et
570 1891 37 28 de
622 1900 77 20 ceux
718 1891 41 30 du
780 1900 172 30 monarque
973 1890 76 30 dont
1070 1890 21 30 il
1114 1897 41 22 est
1175 1891 28 33 le

184 1932 215 39 représentant
409 1938 30 24 et
451 1931 198 41 l'interprète.

228 1971 142 43 L'espoir
383 1971 53 32 des
454 1974 83 39 jours
550 1972 38 30 de
607 1971 144 33 bonheur
767 1970 76 40 qu'il
855 1982 78 20 nous
950 1982 120 27 assure,
1091 1983 15 18 a
1122 1983 60 21 sou-

183 2017 74 25 tenu
275 2022 64 19 mes
352 2013 106 32 forces.
539 2037 34 5 _

281 2053 58 30 n'ai
353 2063 54 31 pas
418 2053 107 31 besoin
542 2052 34 30 de
596 2063 74 20 vous
683 2052 110 31 inviter
803 2054 13 27 à
831 2049 28 37 la
875 2052 164 32 concorde.
1051 2050 85 34 Toys
1147 2063 56 18 nos

183 2105 89 21 voeux
288 2105 39 19 ne
340 2094 178 30 tendent-ils
531 2105 53 35 pas
601 2105 39 18 au
654 2095 100 31 même
769 2092 71 39 but,
859 2093 30 30 la
904 2093 187 35 destruclipn
1113 2094 37 27 de
1175 2094 26 31 la

182 2137 141 41 tyrannie
341 2146 73 19 sous
445 2131 131 44 laquelle
595 2146 81 18 nous
698 2145 92 19 avons
814 2143 67 22 tous
906 2131 170 45 également
1094 2133 106 41 gémi;

181 2178 78 27 mais
278 2176 119 30 chacun
419 2176 39 30 de
474 2187 78 19 nous
572 2176 66 30 doit
653 2187 19 32 y
692 2176 163 33 concourir
873 2185 72 21 avec
957 2183 107 25 autant
1080 2174 122 31 d'ordre

183 2225 59 32 que
256 2216 152 31 d'ardeur.
425 2217 195 31 Amsterdam
638 2229 15 17 n
666 2228 17 21 a
702 2217 92 40 point
809 2217 124 30 attendu
951 2217 27 32 la
999 2218 143 39 présence
1162 2217 39 30 de

182 2268 45 20 ses
242 2257 196 39 libérateurs,
457 2267 79 35 pour
552 2269 30 19 se
598 2268 172 31 prononcer
785 2263 30 24 et
829 2257 125 33 rétablir
971 2257 126 32 l'ancien
1116 2269 63 30 gou-

181 2307 196 28 vernement,
403 2303 65 26 seul
491 2297 126 44 capable
640 2300 39 30 de
702 2297 141 43 rappeler
863 2309 57 20 son
944 2308 170 25 commerce
1129 2302 15 25 à
1168 2309 31 19 sa

180 2340 174 41 prospérité
366 2353 7 17 :
396 2341 74 28 c'est
483 2350 40 19 au
540 2341 191 40 patriotisme
749 2341 52 27 des
821 2340 165 41 négocians
1003 2349 61 30 que
1089 2346 25 31 fe
1134 2347 53 21 .sta-

178 2381 136 34 thouder
327 2392 14 19 a
359 2381 40 30 dû
412 2392 57 19 son
485 2380 259 38 rétablissement,
767 2387 28 22 et
810 2380 26 30 la
854 2388 145 33 prompte
1012 2381 135 32 création
1162 2381 38 30 de

177 2420 125 32 l'armre
319 2422 52 39 qui
386 2421 110 31 défend
514 2433 54 28 par
581 2433 46 18 ses
640 2422 97 31 mains
752 2421 25 30 la
791 2418 106 35 liberté
909 2420 200 34 hollandaise.

222 2464 59 28 Les
298 2464 146 39 premiers
458 2473 76 19 vous
549 2472 89 20 aurez
653 2461 104 31 donné
776 2473 40 19 un
835 2459 168 33 semblable
1025 2463 137 41 exemple
1183 2465 14 27 à

177 2500 31 32 la
221 2503 128 31 France.
366 2503 39 31 La
420 2504 97 40 gloire
536 2511 30 21 et
582 2503 168 41 l'avantage
769 2504 92 40 qu'en
881 2505 120 30 retirera
1024 2510 85 24 notre
1129 2503 69 31 ville

174 2543 33 33 la
222 2546 107 28 rendra
347 2548 17 27 à
379 2544 109 43 jamais
500 2544 117 31 célèbre
633 2552 27 24 e.l
676 2545 146 30 heureuse
836 2551 84 22 entre
935 2544 43 30 les
990 2546 80 30 cités.

183 2584 4 43 .
217 2584 84 32 Tout
325 2596 77 20 nous
418 2593 118 34 permet
555 2585 152 39 d'espérer
723 2584 69 41 qu'à
806 2584 109 32 l'excès
937 2587 51 28 des
1011 2596 91 24 maux
1123 2593 76 25 vont

176 2627 144 31 succéder
333 2627 84 30 enfin
432 2637 50 19 ces
496 2634 99 34 temps
617 2627 109 30 désirés
744 2637 53 30 par
815 2630 26 25 la
859 2636 131 31 sagesse,
1010 2629 39 27 où
1072 2627 125 32 doivent

176 2678 98 22 cesser
292 2668 41 30 les
347 2668 132 31 rivalités
494 2668 53 31 des
562 2668 136 38 nations,,
716 2674 30 25 et
759 2668 159 40 peut-être
933 2667 119 31 étoit—il
1080 2670 116 30 réservé

174 2719 41 20 au
231 2708 97 41 grand
343 2709 152 41 capitaine
508 2709 54 40 qui
580 2720 15 19 a
619 2708 65 41 déjà
705 2707 109 35 mérité
831 2707 27 33 le
878 2706 69 34 titre
963 2707 39 32 de
1026 2706 172 35 Libérateur

174 2748 52 30 Ded
237 2752 138 40 peuple*,
399 2751 167 30 d'attacher
585 2760 57 19 son
664 2760 73 19 nom
751 2748 138 43 glorieux
907 2753 15 25 à
939 2747 144 45 l'époque
1100 2747 37 33 de
1149 2758 47 22 cet

174 2789 139 31 lieureux
326 2791 141 41 prodige.

216 2831 72 31 Tels
304 2839 89 27 sont,
413 2836 20 26 ô
454 2843 63 19 mes
530 2831 197 43 concitoyens
738 2854 8 15 ,
768 2830 43 32 les
824 2831 119 38 motifs,
958 2831 237 40 -les.espérançes

175 2874 53 43 gui
244 2880 56 24 ont
321 2874 93 40 guidé
429 2884 59 19 nos
506 2872 194 37 démarches,
724 2880 31 24 et
774 2874 99 28 m'ont
895 2871 169 33 détermine
1083 2876 17 27 à
1121 2874 74 30 faire

174 2923 190 32 pour-vous,
386 2914 46 31 s'il
455 2915 25 28 le
494 2915 113 35 falloit,
622 2914 26 31 le
663 2913 135 33 sacrifice
815 2914 35 28 de
868 2923 50 19 ma
933 2915 56 28 vie.
1011 2914 79 30 Dieu
1106 2915 90 30 m'est

174 2955 116 31 témoin
304 2967 59 27 que
377 2956 28 38 je
422 2955 58 32 n'ai
494 2967 38 19 en
550 2965 130 30 vue.que
697 2966 25 19 .e
735 2954 141 31 bonheur
891 2955 38 27 de
945 2962 87 22 notre
1046 2956 107 38 patrie.

823 2994 90 31 VIVE
928 3004 38 21 LE
984 2994 64 32 ROI
1064 2996 7 30 !

215 3035 30 32 A
266 3035 187 40 Bordeaux,
476 3047 38 19 en
535 3034 280 39 l'hôtel-de-ville,
848 3037 27 30 le
901 3047 34 18 12
953 3047 81 19 mars
1062 3038 85 37 iBt>4.
1208 3034 5 41 F

583 3076 5 39 .
679 3076 1 39 -
717 3076 2 39 .
745 3079 39 26 Lé
803 3079 112 35 mairie,
941 3076 130 32 Lynch.
1121 3084 6 12 ;

523 3122 9 34 (
546 3118 120 31 Extrait
680 3117 37 30 du
730 3117 182 32 JoumalDe
932 3118 171 31 Bordeaux.
1117 3120 14 37 )

418 3180 353 35 CbâtiLton-dut-Seine,
804 3181 34 30 16
862 3190 86 20 niaré.

561 3241 20 19 D
588 3233 81 27 ÉCL'A
676 3236 131 24 FIATION.

208 3282 65 35 .Les
293 3282 171 41 puissances
478 3282 100 31 alliées
595 3294 31 18 se
645 3282 124 31 doiyent
783 3285 15 28 à
820 3281 228 39 elles-mêmes,
1072 3283 15 28 à
1111 3282 81 31 leurs

170 3319 150 47 peuples,
341 3331 32 22 et
386 3328 15 25 à
417 3324 27 31 la
462 3324 137 34 France,
620 3325 189 30 d'annoncer
827 3322 234 44 publiquement
1076 3322 73 31 dans
1162 3324 30 31 le

170 3372 137 25 moment
325 3365 38 30 de
379 3364 26 30 la
425 3372 129 34 rupture
581 3365 52 31 des
657 3366 193 30 conférences
879 3365 35 31 de
943 3364 177 40 Ghàtillon,
1152 3365 60 30 les*

170 3407 107 30 motifs
289 3405 52 41 qui
356 3406 43 30 les
415 3413 54 22 ont
483 3410 119 37 portées
619 3411 14 24 à
650 3413 137 24 entamer
803 3417 59 19 une
876 3406 194 41 négociation
1083 3417 72 20 avec
1166 3405 26 30 le

164 3455 249 35 gouvernement
430 3448 125 41 français
567 3470 8 14 ,
601 3455 30 22 et
646 3448 41 30 les
700 3457 104 21 causes
820 3448 37 30 de
876 3446 28 30 la
920 3455 129 34 rupture
1064 3446 38 30 de
1114 3454 79 24 cfette

170 3489 208 40 négociation.

217 3530 64 30 Des
292 3531 183 28 évéhemens
488 3529 175 37 militaires.,
681 3528 57 32 tels
756 3539 60 30 que
836 3528 149 31 l'histoire
1004 3539 72 19 aura
1098 3528 91 41 peine

172 3572 14 28 à
204 3581 38 19 en
255 3570 154 30 recueillir
425 3570 74 30 dans
524 3570 131 30 d'autres
674 3578 116 33 temps,
813 3570 209 31 renversèrent
1048 3581 38 22 au
1111 3570 78 30 mois

171 3611 162 32 d'octobre
346 3612 136 37 dernier,
497 3611 129 33 l'édifice
643 3618 201 24 monstrueux
859 3612 135 39 compris
1006 3621 72 19 sous
1093 3609 30 31 la
1139 3609 34 31 dé-

171 3652 194 33 nomination
384 3652 163 41 d'Empire
563 3654 143 38 français;
724 3651 109 31 édifice
855 3651 150 41 politique
1028 3652 94 30 fondé
1136 3663 53 19 sur

170 3693 45 31 les
226 3694 99 37 ryines
339 3693 119 31 d'Etats
472 3693 74 40 jadis
559 3692 210 43 indép.endans
783 3699 27 24 et
826 3692 152 38 heureux,
993 3692 125 41 agrandi
1134 3704 56 31 par

171 3735 54 32 des
246 3736 159 41 provinces
425 3733 157 31 arrachées
601 3737 15 26 à
637 3730 171 44 d'antiques
823 3735 209 35 monarchies,
1056 3741 132 22 soutenu

170 3787 39 19 au
226 3776 66 41 prix
306 3776 41 30 du
364 3787 89 30 sang,
474 3776 35 31 de
530 3775 26 30 la
572 3776 120 28 fortune
710 3783 28 21 et
757 3775 40 31 du
816 3770 158 39 bien-êtro
991 3774 92 31 d'une
1098 3776 73 40 géné-

169 3819 99 31 ration
292 3817 126 31 entière.
442 3816 155 32 Conduits
618 3828 54 18 sur
686 3816 30 31 le
732 3815 86 31 Rhin
842 3829 56 24 par
920 3816 27 31 la
977 3816 123 31 victoire
1109 3839 18 14 ~
1143 3817 44 30 les

1254 133 5 44 .
1278 133 177 30 souverains
1470 133 85 31 alliés
1569 143 123 25 crurent
1709 135 106 32 devoir
1830 146 126 31 exposer
1972 137 41 30 de
2026 148 139 21 nouveau
2180 138 17 30 à
2207 136 107 33 i'Eu-»-

1280 184 74 31 rope
1382 175 43 31 les
1444 176 163 41 principes-
1622 177 54 40 qui
1703 178 133 30 forment
1861 178 28 30 là
1915 176 80 32 base,
2007 176 38 32 de
2069 175 69 33 £enr
2158 180 142 32 alliance,

1281 215 80 30 leurs
1385 228 86 19 veaux
1489 224 31 22 et
1541 213 333 39 leur-détermination.
1898 219 152 41 Eloignés
2076 220 39 30 de
2139 228 84 21 toute
2245 230 60 20 vue

1283 255 178 32 d'ambition
1478 263 27 24 et
1520 259 41 28 de
1579 261 172 45 cpnçpête-,
1775 261 118 30 animés
1911 260 39 28 du
1974 260 70 30 seul
2068 260 79 31 désir
2174 260 37 31 de
2236 261 69 28 voir

1281 295 150 44 l'Europe
1444 299 203 31 reconstruite
1670 311 51 18 sur
1747 312 61 18 une
1832 304 77 37 juste
1926 300 117 32 échelle
2061 301 35 30 de
2114 301 184 40 proportion

1280 345 84 21 entre
1381 337 44 31 les
1442 339 190 40 puissances,
1659 341 122 30 décidés
1804 344 15 27 à
1846 352 35 19 ne
1906 341 90 39 point
2023 352 92 27 poser
2135 341 43 30 les
2204 352 98 19 armes

1280 385 86 24 avant
1378 378 124 40 ',d'ay,otr
1518 381 109 34 atteinf
1636 380 30 30 le
1684 381 92 31 nolîie
1791 383 57 31 but
1856 381 44 30 ide
1916 383 80 30 leurs
2009 383 104 28 efforts
2125 405 8 14 ,
2151 383 35 30 ils
2199 384 85 27 mani-

1280 418 136 32 festèrént
1435 420 26 30 la
1474 429 163 26 constanfe
1795 423 165 30 intentions
1975 433 61 31 par
2043 435 41 18 un
2099 430 65 22 acte
2180 423 117 41 public,

1280 467 27 22 et
1331 461 37 30 ils
1391 462 196 30 n'hésitèrent
1606 465 90 37 pas-à
1717 463 185 40 s'expliquer
1926 463 151 30 vis-à-vis
2104 463 41 31 du
2163 476 119 30 gouver-

1254 517 6 17 i
1280 509 124 22 nement
1421 503 139 38 ennemi,
1580 502 74 31 dans
1678 515 41 19 un
1737 515 67 19 sens
1821 504 163 35 .conforme
2004 507 15 27 à
2043 504 67 30 leur
2133 506 167 28 immuable

1278 541 177 32 résolution.
1470 543 45 30 Le
1534 553 241 32 gouvernement,
1787 546 129 40 français
1929 555 31 19 se
1977 544 141 41 prévalut
2133 546 51 30 des
2198 546 86 41 expli-

1280 583 115 30 cations
1413 583 138 30 franches
1565 583 53 31 des
1633 595 90 20 cours
1743 585 118 38 alliées,
1878 596 81 30 pour
1982 587 171 40 témoigner
2167 587 52 28 des
2235 588 48 28 dis-

1280 625 346 40 positions-pacifiques,
1646 626 26 31 11
1694 627 80 31 avoii
1783 626 120 40 jb.esoin
1926 637 67 21 sans
2010 626 110 37 doute,
2141 626 69 32 d'en
2230 639 81 20 em-».

1280 672 125 32 prunter
1417 665 43 30 Irs
1469 678 185 28 apparences
1669 678 81 30 pour
1761 666 126 41 justifier
1900 678 57 19 aux
1971 667 126 43 yeux.de
2114 678 44 19 ses
2174 667 124 41 peuples

1253 703 5 46 !
1278 704 52 31 les.
1338 716 60 19 non
1404 717 91 20 veaux
1514 707 107 30 efforts
1638 709 74 40 qu'il
1733 719 37 18 ne
1780 709 106 30 cessait
1903 707 37 30 de
1950 709 65 30 leur
2024 709 168 35 demander
2213 710 86 38 Tput

1254 745 2 45 :
1279 746 171 40 cependant
1470 745 145 44 prouvoit
1632 759 59 19 aux
1706 749 136 32 cabinets
1859 749 83 30 alliés
1958 750 73 39 qu'il
2050 759 39 20 ne
2104 750 119 30 vouloit
2238 762 60 28 que

1254 788 1 43 ;
1279 788 71 28 tirer
1365 789 79 39 parti
1468 789 92 30 d'une
1578 789 378 41 négociation-apparente
1972 791 74 30 dans
2063 790 176 31 l'intention
2259 791 45 34 de'

1280 828 137 40 disposer
1440 828 152 41 l'opinion
1606 830 150 41 publique
1769 841 39 19 en
1822 842 32 18 sa
1867 833 112 37 faveur,
2004 840 30 21 et
2054 841 60 33 que
2128 831 26 30 la
2174 829 74 43 piith
2263 833 35 28 i)s

1279 870 143 39 l'hurope
1437 873 73 27 étoit
1525 870 64 35 loiij
1606 881 109 20 encore
1731 872 38 28 de
1782 883 30 18 sa
1830 874 122 39 pensée.

1322 908 57 31 Les
1391 911 189 40 .puissances,
1597 914 159 38 pénétrant
1773 924 46 18 ses
1835 922 71 20 vues
1919 913 149 35 secrètes,
2080 924 31 18 se
2126 913 178 32 décidèrent'

1278 952 14 26 à
1307 951 73 32 aller
1394 954 167 37 conquérir
1574 961 39 19 en
1637 952 113 30 France
1772 954 102 28 même
1893 959 78 22 cette
1994 954 69 38 paix
2088 960 65 22 tant
2172 953 124 31 desirée.

1252 1010 12 12 r
1279 991 64 28 I)es
1357 993 112 31 armées
1487 991 198 32 nombreuses
1704 996 155 38 passèrent
1873 991 27 31 le
1918 993 104 37 Rhin;
2037 996 18 31 .à
2072 994 209 40 peine.eurent-

1277 1030 72 31 elles
1365 1031 115 31 franclii
1502 1033 45 30 les
1573 1030 180 44 premières.
1765 1032 145 31 barrières
1922 1051 7 19 ,
1952 1045 59 28 que
2037 1033 26 30 le
2089 1036 133 33 mi,rostre
2244 1036 53 28 des

1274 1072 148 34 relations
1435 1075 182 30 extérieures
1626 1074 52 32 -de
1698 1075 28 30 la
1752 1076 120 32 France
1887 1084 32 21 se
1942 1077 141 39 présenta
2104 1088 58 18 aux
2185 1082 94 26 avant-

1277 1120 116 33 postes.

1319 1153 117 32 Toutes
1448 1154 40 30 les
1502 1154 177 31 démarches
1694 1154 41 31 du
1748 1163 243 33 gouvernement,
2009 1156 129 44 français
2154 1156 142 34 n'eurent
2300 1153 2 47 1

1277 1193 137 33 dès-lors
1430 1195 70 40 plus
1514 1195 117 31 d'autre
1650 1195 53 31 but
1724 1207 58 30 que
1799 1196 38 30 de
1854 1198 119 28 donner
1996 1196 27 30 le
2039 1199 119 35 change
2171 1200 14 26 à
2196 1198 84 41 l'opi-

1277 1234 89 39 nion,
1385 1235 35 30 de
1435 1238 126 28 fasciner
1569 1238 40 27 les
1619 1247 79 31 yeux
1713 1238 39 28 du
1768 1237 112 41 peuple
1891 1239 146 37 français,
2055 1245 26 21 et
2095 1239 38 28 de
2148 1239 150 32 chercher*

1276 1278 14 26 à
1309 1278 109 39 rejeter
1440 1289 52 18 sur
1514 1278 40 28 les
1574 1277 81 30 alliés
1677 1277 133 31 l'odieux
1835 1279 52 30 des
1909 1278 161 33 malheurs
2089 1280 203 40 inséparables

1276 1316 92 32 d'une
1385 1329 106 30 guerre
1511 1317 181 32 d'invasion.

1318 1357 44 32 La
1376 1358 124 31 marche
1512 1359 52 30 des
1577 1362 180 27 événemens
1768 1361 80 30 avoit
1863 1361 103 32 donné
1978 1362 15 28 à
2007 1368 76 22 cette
2096 1363 123 40 époque
2235 1372 72 24 aux,

1276 1409 87 19 cours
1380 1400 100 30 alliées
1499 1400 27 28 le
1539 1401 164 30 sentiment
1721 1402 37 27 de
1772 1408 83 22 toute
1869 1402 31 28 la
1913 1402 83 28 force
2013 1401 37 30 de
2063 1401 26 30 la
2107 1396 80 45 trgw.
2199 1415 76 19 euiv-

1273 1441 122 39 péen/ie<
1414 1441 57 28 Les
1489 1441 154 41 principes
1658 1441 53 39 qui
1730 1442 187 39 présidoient
1932 1454 56 19 aux
2003 1442 130 31 conseils
2148 1443 51 30 des
2217 1454 59 22 sou-

1278 1481 113 31 verains
1409 1481 53 31 dès
1474 1480 67 33 leur
1563 1482 152 41 première
1740 1483 129 30 réunion
1891 1494 78 31 pour
1988 1483 26 30 le
2033 1482 78 31 saint
2125 1493 167 30 commun,

1274 1522 122 32 avaient
1417 1533 76 30 reçu,
1512 1531 69 22 tout
1604 1521 66 31 leur
1693 1522 259 43 développement
1964 1535 6 22 ;
1996 1526 63 27 rien
2086 1525 210 40 n'empêchoit

1274 1563 70 40 plus
1365 1564 89 40 qu'ils
1479 1564 250 40 n'exprimassent
1754 1563 43 31 les
1822 1565 174 31 conditions
2021 1566 178 30 nécessaires
2223 1571 14 25 à
2267 1567 26 30 la

1273 1605 242 31 reconstruction
1532 1605 35 30 de
1585 1604 126 31 l'édifice
1728 1604 169 33 social:ces
1910 1606 174 32 conditions
2098 1617 38 20 ne
2152 1606 141 32 dévoient

1274 1645 85 39 plus,
1385 1649 14 26 à
1423 1645 27 31 la
1466 1648 79 28 suite
1561 1645 35 31 de
1615 1652 66 24 tant
1701 1646 38 30 de
1755 1643 156 41 victoires,
1933 1648 117 28 former
2066 1659 43 17 un
2124 1646 133 32 obstacle
2272 1652 17 25 à

1274 1685 26 30 la
1319 1687 76 39 paix.
1415 1688 39 27 La
1470 1687 84 28 seule
1569 1688 158 40 puissance
1743 1688 125 40 appelée
1885 1690 13 26 à
1917 1689 103 39 placer
2036 1688 73 32 dans
2121 1687 27 32 la
2165 1689 126 32 Ir-dance

1274 1727 52 28 des
1343 1728 244 40 compensations
1615 1740 80 27 pour
1711 1726 27 32 la
1767 1728 133 38 France,
1929 1728 215 41 l'Angleterre,
2163 1731 130 39 pouvoit

1272 1769 133 28 énoncer
1415 1779 70 20 avec
1502 1768 93 31 détail
1619 1779 39 20 tes
1680 1768 148 32 sacrifices
1844 1769 111 40 qu'elle
1968 1772 76 28 étoit
2057 1773 84 35 prête
2154 1773 14 27 à
2189 1780 104 32 porter

1272 1809 15 30 à
1313 1808 27 30 la
1363 1809 191 40 pacification
1576 1809 152 41 générale.
1754 1809 56 30 Les
1830 1812 176 31 souverains
2021 1811 81 31 alliés
2118 1813 175 39 pouvoienï

1272 1852 120 38 espérer
1411 1851 84 30 enfin
1522 1863 58 28 que
1606 1851 200 40 l'expérience
1827 1851 52 31 des
1905 1852 135 30 derniers
2063 1859 100 34 temps
2191 1860 100 24 auroit

1272 1891 93 32 influé
1385 1903 52 18 sur
1466 1903 41 19 un
1540 1894 190 37 conquérant
1759 1903 41 19 en
1822 1891 85 32 butte
1929 1904 57 20 aux
2009 1891 164 43 reproches
2198 1893 93 30 d'une

1272 1930 113 43 grande
1407 1931 105 31 nation
1524 1956 8 13 ,
1560 1939 28 24 et
1602 1933 116 28 témoin
1737 1944 81 30 pour
1840 1932 27 31 la
1883 1935 154 40 première
2056 1933 59 30 fois
2128 1956 9 13 ,
2163 1933 76 30 dans
2258 1945 32 20 sa

1411 1975 120 35 même-,
1544 1972 53 30 des
1610 1985 91 17 maux
1715 1974 74 38 qu'il
1805 1985 17 17 a
1837 1976 102 28 attirés
1951 1985 52 18 sur
2021 1974 26 30 la
2063 1975 125 30 France.
2200 1975 90 31 Cette

1270 2014 177 40 expérience
1462 2014 129 41 pouvoit
1604 2013 109 31 l'avoir,
1724 2013 126 30 conduit
1863 2024 40 18 au
1918 2015 164 28 sentiment
2095 2026 58 28 que
2167 2015 26 28 la
2206 2027 64 20 con-

1270 2054 149 30 servation
1437 2056 52 26 des
1502 2055 102 28 trônes
1619 2065 30 19 se
1665 2054 37 30 lie
1715 2054 255 32 essentiellement
1985 2055 14 27 à
2013 2054 28 30 la
2052 2055 193 30 modération
2258 2063 31 22 et

1269 2093 59 31 àla
1346 2098 113 34 justice.
1476 2094 156 32 Toutefois
1649 2094 43 30 les
1706 2095 175 30 souverains
1892 2093 86 32 alliés
1988 2119 8 13 ,
2029 2096 182 30 convaincus
2229 2107 58 28 que

1269 2134 97 31 l'essai
1382 2135 89 40 qu'ils
1486 2135 130 30 fêroient
1628 2145 38 20 ne
1682 2135 78 30 dévo
1774 2143 12 22 t
1801 2146 52 30 pas
1867 2144 241 34 compromettre
2124 2135 28 31 la
2164 2139 124 27 marche

1270 2176 52 28 des
1349 2178 178 41 opérations
1548 2177 175 39 militaires,
1744 2177 182 30 convinrent
1955 2186 58 28 que
2043 2187 47 19 ces
2115 2178 172 39 opérations

1267 2218 247 34 continueraient
1532 2217 145 43 -pendant
1701 2217 27 31 la
1756 2218 190 41 négociation
1958 2230 7 18 :
1981 2217 148 31 l'histoire
2143 2217 40 31 du
2200 2222 86 37 passé

1267 2264 30 22 et
1316 2257 37 31 de
1368 2258 132 30 funestes
1525 2261 158 28 souvenirs
1701 2258 69 30 leur
1782 2269 14 18 a
1804 2259 103 28 voient
1926 2258 163 31 démontré
2102 2258 26 31 la
2141 2261 146 28 nécessité

1267 2297 39 31 de
1320 2307 76 21 cette
1413 2300 171 30 démarche.
1602 2298 94 30 Leurs
1707 2300 281 41 plénipotentiaires
2001 2310 30 18 se
2046 2302 156 27 réunirent
2215 2311 72 19 avec

1267 2339 78 31 celui
1361 2340 43 30 du
1414 2348 240 33 gouvernement
1669 2341 139 40 français.

1309 2380 123 35 fjientôt
1459 2380 188 31 les'armées
1674 2382 194 31 victorieuses
1892 2380 204 32 s'avancèrent
2128 2381 158 41 jusqu'aux

1266 2430 103 33 portes
1385 2421 34 31 dé
1442 2422 25 30 la
1486 2422 137 40 capitale.
1645 2424 41 28 Le
1711 2428 241 35 gouvernement
1967 2432 38 20 ne
2021 2433 115 32 songea
2157 2420 74 32 dans
2251 2434 34 18 ce

1266 2464 221 39 momeiît-qu'à
1507 2463 24 28 h
1548 2473 106 19 sauver
1675 2464 93 30 d'une
1782 2464 183 40 occupation
1981 2465 150 28 ennemie.
2152 2459 41 33 Le
2215 2464 54 40 plé-

1265 2504 214 40 nipotentiaire
1498 2504 38 28 de
1550 2504 117 30 France
1682 2511 83 33 reçut
1778 2504 113 30 l'ordre
1910 2504 35 30 de
1961 2515 149 31 proposer
2122 2516 40 18 un
2180 2506 89 30 armis-

1264 2545 58 30 tice
1337 2545 93 30 fondé
1450 2556 52 20 sur
1524 2543 52 32 des
1598 2546 83 28 hases
1700 2545 172 31 conformes
1894 2550 14 24 à
1933 2544 90 31 celles
2047 2556 59 30 que
2134 2544 40 31 les
2196 2556 90 20 cours

1265 2585 100 30 alliées
1385 2588 155 40 jugeaient
1563 2585 213 30 elles-mêmes
1789 2587 180 28 nécessaires
1988 2597 38 18 au
2043 2587 244 30 rétablissement

1265 2627 38 34 de
1318 2628 26 28 la
1363 2628 69 40 paix
1443 2628 155 39 généra'e.
1613 2626 25 31 Il
1655 2628 86 31 offrit
1756 2626 27 31 la
1800 2628 110 28 remise
1923 2626 175 31 immédiate
2115 2628 52 28 des
2180 2627 104 40 places

1265 2667 92 31 fortes
1376 2669 74 32 d,ans
1469 2668 39 30 les
1531 2679 74 30 pays
1628 2679 63 30 que
1710 2667 27 31 la
1763 2667 116 31 France
1902 2667 155 40 céderoit,
2078 2667 30 31 le
2127 2669 67 28 loiit
2218 2672 14 26 à
2256 2668 28 31 la

1265 2708 161 31 condition
1441 2708 92 31 d'une
1546 2709 180 43 suspension
1743 2705 52 33 des
1811 2709 175 40 opérations
1998 2707 164 41 militàjres.

1306 2746 58 32 Les
1385 2758 90 24 cours
1495 2750 118 35 alliées,
1631 2750 203 30 convaincues
1854 2760 54 31 par
1922 2751 86 41 vingt
2026 2752 110 27 années
2152 2750 113 41 d'expé-

1263 2791 102 30 rience
1380 2802 77 28 que.,
1475 2791 73 31 dans
1569 2791 43 30 les
1631 2791 209 40 négociations
1859 2802 71 19 avec
1944 2790 28 30 té
1994 2790 123 31 cabinei
2135 2791 143 40 français,

1264 2830 41 32 les
1319 2843 187 31 apparences
1527 2830 125 33 Doivent
1675 2836 63 26 être
1762 2830 247 43 soigneusement
2022 2831 183 43 distinguées
2232 2831 52 31 des

1264 2872 180 38 intentions,
1461 2872 217 31 substituèrent
1696 2876 14 26 à
1726 2880 78 24 cette
1822 2874 194 40 proposition
2036 2871 73 32 celle
2131 2872 37 30 de
2183 2875 100 38 signer

1263 2915 237 40 sur-le-champ
1525 2915 41 28 les
1587 2915 219 39 préliminaires
1826 2914 35 31 de
1877 2914 27 30 la
1922 2915 78 40 paix.
2027 2913 89 32 Cette
2128 2914 152 41 signature

1264 2955 78 28 avoit
1358 2966 79 28 pour
1452 2955 26 30 la
1495 2954 115 32 France
1624 2962 70 22 tous
1711 2955 44 31 les
1766 2962 159 33 avantages
1941 2954 76 31 d'un
2031 2955 168 35 armistice,
2213 2966 69 18 sans

1264 3004 154 22 entraîner
1426 3007 80 30 pour
1515 2995 41 31 les
1566 2996 79 30 alliés
1659 2995 43 31 les
1715 2995 128 41 dangers
1852 2995 90 31 d'une
1950 2996 181 40 suspension
2141 2995 141 33 d'armes,

1264 3035 161 41 Quelques
1447 3039 104 28 succès
1573 3045 63 33 part
1645 3038 52 27 iéls
1719 3038 144 28 venoient
1884 3037 172 41 cependant
2078 3037 38 28 de
2138 3047 143 30 marquer

1264 3078 43 30 les
1322 3078 148 39 premiers
1482 3090 53 30 pas
1548 3078 91 30 d'une
1652 3079 100 30 armée
1767 3078 113 30 formée
1894 3087 71 19 sous
1977 3077 41 30 les
2031 3087 84 20 murs
2125 3078 38 30 de
2177 3077 100 39 Paris,

1263 3118 38 30 de
1313 3117 92 32 l'élite
1421 3117 37 32 de
1474 3118 27 31 la
1511 3119 177 39 génération
1703 3117 145 39 actuelle,
1869 3117 139 33 dernière
2022 3120 163 39 espérance
2200 3117 38 32 de
2252 3117 27 31 la

1261 3161 105 28 nation
1385 3167 26 22 et
1429 3159 52 30 des
1498 3159 103 30 débris
1615 3158 76 31 d'un
1698 3158 124 31 million
1841 3159 38 31 de
1893 3158 105 31 braves
2013 3161 52 39 qui
2079 3161 122 28 avoient
2213 3159 65 41 péri

1239 3200 1 44 j
1263 3211 52 19 sur
1328 3200 43 31 les
1383 3200 128 41 champs
1527 3202 38 28 de
1581 3201 137 37 bataille,
1740 3211 40 19 ou
1802 3201 52 40 qui
1874 3202 122 28 avoient
2015 3202 47 28 été
2082 3200 196 30 abandonnés

1261 3253 51 18 sur
1332 3241 41 31 les
1396 3241 129 41 grandes
1546 3248 119 31 routes,
1682 3241 109 41 depuis
1815 3241 157 32 Lisbonne
1985 3241 119 41 jusqu'à
2125 3241 151 38 Moscou,

1260 3282 132 31 sacrifiés
1407 3286 17 27 à
1447 3282 53 31 des
1519 3283 123 32 intérêts
1665 3285 154 38 étrangers
1841 3287 15 25 à
1880 3282 27 30 la
1928 3282 125 31 France.
2075 3283 141 31 Aussitôt
2237 3281 41 31 les

1261 3324 195 35 cpnferencès
1472 3325 38 28 de
1526 3324 161 31 Châtilloh
1704 3324 187 41 changèrent
1911 3324 38 28 de
1970 3326 152 30 caractère
2138 3334 7 18 :
2164 3322 28 30 le
2207 3321 53 41 plé-

1261 3365 215 40 nipotentiaire
1485 3365 131 40 français
1631 3365 144 30 demeura
1789 3376 67 19 sans
1870 3365 215 37 instructions,
2102 3371 30 22 et
2146 3363 45 31 fut
2205 3365 73 28 hors

1260 3405 92 31 d'état,
1368 3405 37 32 de
1420 3405 154 41 répondre
1587 3417 57 19 aux
1659 3406 213 40 propositions
1889 3405 52 30 des
1959 3417 91 18 cours
2067 3402 100 34 alliées
2193 3403 85 32 Elles

1260 3449 181 39 chargèrent
1455 3448 80 28 leurs
1551 3446 281 41 plénipotentiaires
1851 3446 37 30 de
1903 3452 141 24 remettre
2062 3457 41 19 un
2122 3446 99 40 projet
2239 3444 37 32 de

1259 3489 86 30 traité
1370 3488 439 40 préliminairerenfermant
1833 3495 100 24 toutes
1970 3488 43 28 les
2039 3487 86 30 bases
2153 3485 125 41 qu'elles

1258 3529 158 40 jugeoient
1431 3528 180 32 nécessaires
1632 3541 80 28 pour
1731 3529 28 30 le
1782 3528 242 31 rétablissement
2049 3528 38 31 de
2106 3527 171 40 l'équilibre

1260 3570 167 41 politique,
1444 3578 31 21 et
1491 3572 71 38 qui,
1584 3580 59 33 peu
1661 3569 38 30 de
1717 3572 85 39 jours
1824 3576 105 28 avant,
1950 3570 120 30 avoient
2087 3570 47 28 été
2150 3569 128 31 offertes

1258 3621 56 31 par
1328 3612 26 28 le
1365 3618 242 34 gouvernement
1629 3611 128 41 français
1778 3611 181 38 lui-même,
1978 3611 77 28 dans
2073 3620 43 19 un
2137 3617 141 26 moment

1259 3656 40 26 où
1320 3652 22 30 il
1367 3652 122 41 croyoit
1513 3664 67 18 sans
1604 3651 96 32 doute
1723 3663 56 19 son
1805 3651 150 31 existence
1977 3652 219 39 compromise.
2216 3650 60 31 Les

1257 3693 154 41 principes
1433 3691 38 32 de
1495 3692 27 31 la
1541 3694 241 30 Reconstruction
1805 3691 37 32 de
1864 3691 151 43 l'Europe
2037 3702 32 19 se
2096 3691 180 32 trouvaient

1256 3733 107 33 établis
1378 3732 72 31 dans
1466 3743 34 20 ce
1513 3735 110 40 projet.

1298 3774 43 31 La
1368 3776 135 34 France,
1526 3774 117 31 rèndoê
1665 3785 58 18 aux
1743 3772 187 32 dimensions
1955 3784 61 30 que
2037 3772 52 31 des
2114 3771 102 32 siècles
2233 3772 39 30 de

1254 3815 98 40 gloire
1365 3822 31 24 et
1410 3816 35 31 de
1463 3816 185 39 prospérité,
1671 3826 71 20 sous
1759 3815 27 30 la
1802 3815 195 33 domination
2015 3814 37 31 de
2063 3826 46 19 ses
2126 3815 80 38 rois,
2228 3815 46 33 lui

1305 90 0 31 2
