2421 3968
152 158 60 30 par
227 146 37 31 de
279 148 74 31 viles
372 143 239 34 considérations
633 137 226 45 personnelle^,
880 136 34 31 ils
935 133 240 43 cotnprunoient

152 188 71 41 plus
236 188 198 41 long-temps
451 187 26 28 la
490 185 70 28 voix
575 182 37 31 de
627 181 66 31 leur
707 180 188 31 conscience.

167 231 12 5 -
197 229 71 30 Elle
288 230 67 28 leur
376 224 67 34 crie'
462 236 59 31 que
544 235 76 19 vous
643 222 94 30 devez
755 228 69 22 tons
841 220 43 28 les
906 228 92 19 maux
1018 227 57 30 qui
1100 224 76 19 vous

152 269 181 37 accablent,
350 272 72 27 àun
432 267 65 31 seul
509 266 136 30 homme.

202 311 85 31 C'est
302 311 44 30 lui
364 311 71 39 qui,
457 309 119 37 chaque
592 305 113 35 année,
732 312 56 32 par
796 299 34 34 .la
857 305 206 34 conscription
1077 318 7 14 ,
1116 299 40 25 de-

154 352 79 31 cime
248 363 57 19 nos
320 350 138 32 familles.
480 348 65 39 Qui
562 346 37 30 de
613 356 78 19 nous
705 356 20 18 n
739 354 13 18 a
769 340 100 43 perdu
881 351 40 19 un
935 339 64 37 fils,
1020 348 43 18 un
1090 346 65 18 rere
1166 357 8 14 ,

156 393 52 30 des
221 404 129 30 parens,
377 391 52 31 des
452 389 99 31 amis?
575 386 85 30 Pour
684 385 53 39 qui
761 390 69 22 tous
853 391 48 20 ces
920 380 106 28 braves
1046 383 100 24 sont-i
1165 386 12 18 s

154 441 99 22 morts
262 435 13 28 P
304 433 84 30 Pour
411 431 44 30 lui
483 428 66 33 seul
572 435 32 22 et
628 437 63 18 non
715 435 81 31 pour
817 422 30 30 le
863 431 83 32 pays.
976 420 85 30 Pour
1078 420 98 35 quelle

151 474 117 31 cause?
294 474 41 30 Ils
354 480 54 24 ont
422 474 47 28 été
482 468 141 32 immolés
637 489 6 14 ,
666 467 204 39 uniquement
883 461 142 31 immolés
1039 461 14 26 à
1070 461 27 26 la
1117 461 40 26 de-

154 515 161 31 mencede
328 514 105 30 laisser
455 513 89 39 après
556 510 43 28 lui
615 508 26 30 le
657 506 142 31 souvenir
813 504 41 28 du
869 503 70 40 plus
953 500 223 43 épouvantable

156 566 189 28 oppresseur
360 556 53 38 qui
429 555 40 28 ait
483 553 72 40 pesé
570 561 50 18 sur
632 548 11 30 1
657 548 107 40 espèce
781 546 155 28 humaine.

200 596 85 31 C'est
306 595 45 28 lui
371 596 72 38 qui,
469 604 35 20 au
534 592 67 32 lieu,
619 588 43 31 de
686 593 104 35 quatre
817 591 71 24 cent
912 582 133 31 millions
1068 589 59 30 que
1152 582 26 26 la

157 637 119 31 France
291 637 109 39 payoit
410 646 71 18 sous
491 644 57 19 nos
562 632 77 30 bons
656 637 28 21 et
700 628 119 30 anciens
835 626 60 30 rois
911 635 80 30 pour
1003 625 61 26 être
1077 624 78 26 libre
1168 641 7 13 ,

156 677 154 32 heureuse
324 684 30 22 et
369 673 163 41 tranquille
543 696 20 18 v
575 681 78 19 nous
665 681 14 17 a
692 669 176 48 surchargés
886 665 35 31 de
937 664 70 41 plus
1024 663 35 28 de
1075 670 104 32 quinze

151 723 74 26 cent
240 719 133 28 miiïionï
383 716 146 40 d'impôts
542 710 145 41 auxquels
702 709 21 32 il
735 715 151 33 rnenaçoit
899 705 148 41 d'ajouter
1057 711 120 19 encore.

203 759 85 32 C'est
308 759 44 28 lui
371 758 54 40 qui
449 765 80 21 nous
550 765 15 18 a
586 754 102 31 fermé,
704 750 40 30 les
764 758 79 20 mers
863 748 52 30 des
932 746 79 28 deux
1026 746 149 30 Mondes;

158 801 53 39 qui
227 813 15 18 a
255 800 54 31 tari
324 807 99 21 toutes
435 797 44 30 les
490 803 123 22 sources
626 791 35 30 de
674 789 171 32 l'industrie
862 787 152 31 nationale
1030 798 6 21 ;
1056 783 123 30 arrashe

157 843 17 28 à
190 852 57 20 nos
262 841 125 40 champs
404 840 41 32 les
458 835 216 37 cultivateurs,
692 833 43 30 les
751 830 137 31 ouvriers
907 829 15 28 à
941 839 57 19 nos
1013 826 145 30 manufac-

162 891 93 21 tures.
1102 901 7 4 -

202 925 27 30 A
243 922 130 30 luinous
384 917 151 34 devonsla
550 917 90 30 haine
658 914 37 30 de
710 922 67 21 tous
785 911 44 31 les
842 911 137 40 peuples,
993 917 69 20 sans
1075 911 9 24 1
1097 917 84 21 avoir

157 963 146 37 méritée,
324 963 149 39 puisque,
502 967 123 21 comme
647 966 76 25 eux,
749 963 81 20 nous
842 954 100 27 filmes
965 950 41 27 les
1029 950 130 35 malheu-

157 1015 104 22 reuses
283 1004 152 37 victimes,
458 1002 71 30 bien
543 998 71 43 plus
633 1009 59 28 que
712 996 41 28 les
772 993 102 28 tristes
889 991 183 30 instrumens
1089 989 37 27 de
1149 996 32 19 sa

202 1085 143 32 N'est-ce
359 1096 53 28 pas
425 1083 60 38 lui,
504 1081 100 37 aussi,
633 1078 72 40 qui,
731 1075 113 31 violant
862 1084 32 19 ce
912 1083 60 30 que
986 1070 39 30 les
1038 1070 143 28 hommes

162 1135 57 24 ont
236 1127 35 31 de
287 1127 71 38 plus
373 1126 100 35 sacré,
497 1135 14 18 a
530 1129 110 22 retenu
664 1119 98 40 captif
777 1116 28 30 le
827 1113 162 32 vénérable
1013 1113 70 28 chef
1098 1113 38 26 de
1154 1113 27 25 lâ

157 1169 149 35 religion;
331 1179 15 19 a
360 1167 85 38 privé
468 1165 37 30 de
521 1174 46 18 ses
583 1161 104 35 Etats,
705 1169 56 30 par
777 1166 59 20 une
853 1152 164 33 détesiable
1033 1152 146 40 perfidie,

158 1222 44 18 un
220 1209 111 34 roi,son
350 1207 69 30 allié
430 1213 53 27 ,et
496 1204 76 31 livré
585 1201 54 31 àla
653 1198 187 32 dévastation
849 1196 30 30 la
888 1201 105 24 nation
1004 1193 176 40 espagnole,

159 1258 90 24 notre
265 1250 124 39 antique
403 1256 30 21 et
446 1246 142 40 toujours
601 1241 91 31 fidèle
713 1239 98 31 amie-:

202 1291 144 31 N'est-ce
363 1299 56 30 pas
433 1287 64 37 lui,
523 1294 130 25 encore,
679 1283 72 39 qui,
775 1289 123 20 ennemi
921 1276 37 30 de
984 1285 45 19 ses
1054 1281 129 31 propres

157 1335 93 33 sujets
262 1331 188 37 long-temps
461 1328 136 39 trompés
611 1335 56 31 par
679 1320 61 39 lui,
761 1322 85 39 après
862 1328 81 20 avoir
954 1323 69 22 tout
1038 1317 37 25 a-1
1089 1317 92 24 heuie

158 1374 100 30 refusé
275 1382 60 19 une
353 1372 71 37 paix
437 1367 170 33 honorable
622 1365 74 28 dans
713 1361 133 41 laquelle
873 1365 87 22 notre
981 1355 200 32 malheureux

159 1426 92 26 pays,
270 1413 40 30 du
327 1413 120 33 moins,
474 1411 52 27 eût
542 1420 41 30 pu
600 1406 149 40 respiter,
765 1414 15 18 a
796 1401 53 30 fini
867 1410 54 30 par
938 1398 118 28 donner
1070 1397 8 27 1
1093 1397 90 26 ordre

158 1453 154 38 parricide
327 1452 158 39 d'exposer
503 1447 195 32 inutilement
718 1443 30 30 la
770 1441 92 47 garde
876 1440 155 38 nationale
1054 1446 80 32 pour
1155 1440 27 24 la

161 1496 125 28 défênse
314 1489 177 44 impossible
511 1488 38 30 de
568 1488 32 35 la,
620 1485 126 43 capitale
772 1494 52 18 sur
849 1479 130 43 laquelle
1003 1478 21 30 il
1044 1486 79 31 appe
1139 1482 45 22 oit

162 1537 74 31 ainsi
260 1543 103 24 toutes
379 1533 40 31 les
438 1540 184 32 vengeances
640 1528 38 28 de
692 1525 143 32 l'ennemi
850 1524 12 28 ?

206 1577 145 31 N'est-ce
367 1586 53 28 pas
436 1572 43 30 lui
614 1570 71 39 qui,
704 1567 165 30 redoutant
891 1561 161 41 pardessus
1068 1565 69 22 tout
1156 1561 26 26 la

159 1619 117 35 vérité,
300 1628 14 19 a
335 1615 103 32 chassé
464 1616 280 37 oulrageusement,
769 1609 14 28 à
809 1605 26 30 la
862 1604 65 30 face
951 1603 35 30 de
1012 1602 169 39 lEurope,

162 1670 58 20 nos
243 1656 207 44 législateurs,
480 1664 91 31 parce
588 1651 113 41 qu'une
718 1649 57 31 fois
793 1646 35 30 ils
853 1652 54 22 ont
930 1644 143 30 tente-de
1094 1644 27 25 la
1142 1644 41 25 lut

164 1701 65 31 dire
246 1709 74 20 avec
333 1704 104 22 autant
452 1696 37 30 de
502 1695 217 39 ménagement
732 1700 59 32 que
810 1687 37 31 de
861 1687 115 39 dignité
991 1687 5 47 !

204 1753 201 41 Qu'importe
431 1748 76 43 qu'il
531 1747 76 31 n'ait
628 1746 117 31 sacrifié
768 1743 94 40 qu'un
889 1742 78 40 petit
992 1737 131 37 npmbre
1149 1736 37 30 de

163 1804 170 30 personnes
347 1795 14 27 à
377 1804 45 19 ses
429 1791 103 30 haines
542 1800 39 18 ou
594 1788 71 28 bien
704 1798 44 18 ses
761 1793 187 31 vengeances
959 1779 208 39 particulières
1174 1800 18 17 ~

164 1837 48 30 s'il
224 1846 18 20 a
259 1832 158 33 sacrifié.la
433 1832 132 31 France,
586 1838 58 32 que
663 1828 206 28 disons-nous
889 1824 28 28 la
941 1821 117 30 France
1074 1821 4 48 !
1100 1826 87 24 toute

162 1876 157 41 l'Europe
333 1876 14 27 à
363 1885 56 18 son
432 1871 149 31 ambition
594 1880 67 19 sans
674 1876 117 21 mesure
804 1866 12 30 ?

207 1928 165 33 Ambition
390 1938 43 19 ou
446 1917 237 48 vengeance,'la
699 1930 89 22 cause
806 1918 76 30 n'est
901 1918 76 30 rien.
998 1913 112 41 Quelle
1128 1924 59 30 que

164 1972 60 30 soit
239 1978 77 22 cette
328 1980 109 27 cause,
455 1976 97 31 voyez
568 1964 107 35 l'effet;
700 1972 97 32 voyez
815 1970 31 19 ce
867 1967 80 21 vaste
970 1958 156 28 continent
1149 1955 38 28 de

164 2013 155 39 l'Europe
334 2016 123 34 partout
472 2013 124 26 couvert
614 2004 52 30 des
683 2013 152 20 ossemens
849 1998 172 32 confondus
1038 1997 35 28 de
1088 1996 80 30 Fran-

167 2055 60 37 çais
240 2060 30 22 et
286 2053 37 30 de
344 2050 128 40 peuples
485 2048 52 40 qui
559 2046 155 31 n'avoient
730 2044 64 27 rien
816 2044 13 26 à
844 2052 31 19 se
892 2039 168 31 demander
1070 2037 45 28 les
1129 2048 59 18 uns

167 2107 58 18 aux
250 2101 119 28 autres,
396 2092 52 40 qui
474 2100 38 19 ne
543 2099 31 18 se
599 2086 164 30 haissoient
789 2094 71 30 pas,
888 2091 60 32 que
973 2080 40 30 les
1036 2079 152 31 distances

165 2133 266 33 affranchissoient
454 2131 50 31 des
526 2127 149 43 qucfclles
689 2150 8 13 ,
711 2126 34 30 ét
772 2124 71 40 qu'il
866 2122 46 28 n'a
935 2121 162 41 précipités
1114 2120 74 28 dans

165 2177 30 31 la
210 2185 110 33 guerre
338 2184 60 31 que
411 2183 81 31 pour
508 2169 128 41 remplir
652 2169 27 28 la
692 2167 78 30 terré
788 2164 40 31 du
839 2163 84 31 bruit
935 2163 38 30 de
987 2172 54 30 spn
1061 2171 85 18 nom.

210 2228 72 40 Que
298 2238 79 19 nous
390 2225 84 41 parle
490 2231 77 22 t—on
581 2222 38 30 de
633 2232 45 18 ses
699 2219 137 30 victoires
854 2215 138 43 passées?
1018 2212 84 41 Quel
1116 2212 72 30 bien

169 2281 79 20 nous
278 2267 148 33 ont-elles
446 2265 56 30 fait
524 2275 48 19 ces
602 2263 132 30 funestes
759 2257 161 34 victoires?
950 2256 43 30 La
1020 2255 90 30 haine
1137 2254 51 28 des

168 2310 148 40 peuples,
335 2309 41 28 les
394 2308 109 30 larmes
520 2306 37 28 de
570 2315 56 22 nos
641 2300 145 37 familles,
810 2300 28 28 le
853 2297 110 32 célibat
984 2297 80 28 force
1084 2295 38 30 de
1136 2306 53 18 nos

168 2352 81 31 filles
263 2375 8 13 ,
298 2350 28 30 la
341 2349 87 28 ruine
451 2347 38 31 de
509 2353 100 24 toutes
625 2344 45 28 les
691 2343 151 34 fortunes,
865 2339 27 30 le
914 2347 133 31 veuvage
1068 2346 102 31 préma-

169 2395 69 28 turé
255 2392 37 31 de
312 2402 57 18 nos
391 2391 143 34 femmes,
561 2386 27 31 le
608 2382 157 41 désespoir
780 2382 52 28 des
846 2385 86 37 pères
947 2386 31 22 et
989 2378 51 30 des
1058 2379 97 26 mères
1172 2378 14 26 à

170 2434 73 39 qui,
270 2432 91 31 d'une
387 2428 187 31 nombreuse
595 2426 163 41 postérité-,
780 2422 22 28 il
824 2431 38 20 ne
887 2427 76 22 reste
977 2419 69 41 plus
1063 2418 28 28 la
1107 2426 81 19 main

170 2474 76 31 d'un
262 2473 104 30 enfant
379 2483 81 30 pour
475 2470 67 30 leur
561 2469 112 30 fermer
692 2464 44 32 les
757 2473 92 26 yeux,
875 2460 84 37 voilà,
984 2470 34 20 ce
1039 2469 59 31 que
1115 2469 76 18 nous

169 2522 56 25 ont
236 2513 126 40 produit
373 2522 45 19 ses
430 2510 138 31 victoires
579 2510 7 31 !
602 2507 45 31 Ce
660 2513 71 22 sont
742 2504 71 31 elles
823 2515 52 28 qui
893 2503 158 34 amènent,
1069 2500 106 38 aujour-

169 2556 87 31 d'hui
270 2580 8 14 ,
302 2556 123 38 jusques
441 2552 73 30 dans
531 2561 57 19 nos
608 2558 84 19 murs
712 2548 142 39 toujours
876 2544 91 28 restés
987 2550 115 28 vierges
1120 2550 72 18 sous

165 2598 32 30 la
213 2594 167 43 paternelle
399 2591 242 33 administration
666 2587 35 31 de
717 2598 56 18 nos
793 2585 76 35 rois,
889 2584 43 28 Les
947 2584 151 37 étrangers
1116 2581 77 28 dont

168 2639 30 33 }a
215 2636 164 32 généreuse
392 2633 176 43 protection
585 2640 76 20 nous
674 2626 181 33 commande
872 2624 28 28 la
920 2622 269 34 reconrioissance,

168 2678 146 41 lorsqu'il
338 2686 77 20 nous
442 2675 52 28 eût
521 2674 46 28 été
593 2672 24 28 si
645 2670 80 30 doux
744 2668 37 30 de
802 2667 66 30 leur
882 2665 86 31 offrir
985 2673 59 20 une
1064 2662 126 28 alliance

170 2719 229 44 désintéressée.
546 2718 13 6 '
677 2740 12 9 y

211 2773 31 30 Il
262 2772 74 30 n'est
352 2781 54 31 pas
418 2780 45 19 un
480 2766 115 31 d'entre
615 2776 79 19 nous
711 2763 71 39 qui,
802 2760 76 31 dans
904 2758 28 31 le
959 2764 96 26 secret
1075 2757 38 28 de
1136 2766 56 19 son

168 2825 107 28 cœur,
291 2823 39 19 ne
347 2812 26 28 le
392 2810 112 31 déteste
522 2816 120 21 comme
657 2816 41 19 un
716 2802 120 32 ennemi
850 2799 123 44 public;
990 2809 54 32 pas
1061 2809 43 18 un
1119 2797 70 40 qui,

170 2857 79 30 dans
263 2867 44 18 ses
326 2852 67 43 plus
411 2851 123 31 intimes
553 2844 292 34 communications,
863 2842 73 31 n'ait
954 2841 99 30 formé
1071 2839 30 28 le
1122 2848 71 20 vœu

170 2898 40 30 de
229 2910 11 13 *
249 2897 47 28 oir
309 2895 113 31 arriver
433 2903 44 19 un
490 2900 98 21 terme
605 2900 15 18 a
635 2894 65 24 tant
716 2887 20 28 d
748 2884 123 30 inutiles
887 2889 145 31 ciuautçs.

176 2920 5 48 •
216 2937 46 31 Ce
278 2948 70 18 vœu
367 2935 35 30 de
430 2943 56 20 nos
509 2940 98 20 cœurs
624 2935 31 22 et
680 2927 51 31 des
757 2928 118 35 vôtres,
892 2934 78 19 nous
998 2922 115 28 serions
1141 2920 52 30 dés

172 2981 170 30 déserteurs
361 2976 38 28 de
428 2974 31 30 la
478 2982 89 21 cause
594 2968 150 43 publique
767 2967 25 28 si
816 2976 78 19 nous
917 2965 137 28 tardions
1077 2965 14 26 à
1119 2961 61 28 l'ex-

170 3021 129 41 primer.

216 3059 156 50 l'Europe
399 3080 39 18 en
462 3074 94 22 armes
581 3074 79 19 nous
691 3061 28 30 le
752 3058 161 32 demande.
939 3056 71 31 Elle
1039 3054 155 41 l'implore

171 3124 123 24 comme
320 3122 43 19 un
386 3109 126 32 bienfait
536 3113 106 21 envers
665 3102 196 34 l'humanité,
888 3106 123 24 comme
1031 3096 28 30 le
1089 3102 105 34 garant

172 3157 94 31 d'une
281 3154 69 38 paix
364 3148 183 33 universelle
563 3155 31 21 et
609 3143 137 32 durable.
1101 3176 7 7 ,

215 3195 169 37 Parisiens,
409 3189 191 40 l'Européen
620 3194 112 21 armes-
733 3194 37 19 ne
793 3181 11 31 1
816 3180 191 32 obîiendroit
1022 3189 53 30 pas
1091 3180 37 33 de
1143 3187 51 19 vos

174 3237 175 34 magistrats
360 3257 8 8 ,
386 3230 168 33 s'iln'étoit
574 3239 52 30 pas
635 3226 161 31 conforme
810 3224 13 27 à
839 3223 81 28 leurs
935 3220 131 30 devoirs.

216 3279 79 30 Mais
308 3275 72 31 c'est
393 3285 39 19 au
448 3282 74 19 nom
537 3270 38 28 de
589 3279 47 19 ces
653 3268 119 30 devoirs
789 3265 99 28 même
907 3269 28 21 et
948 3262 52 28 des
1017 3262 66 39 plus
1100 3268 94 20 sacres

171 3321 40 30 de
229 3327 69 21 tous
315 3326 60 31 que
396 3324 79 20 nous
494 3311 146 39 abjurons
660 3314 84 24 toute
764 3304 172 32 obéissance
959 3312 105 19 envers
1083 3299 8 30 1
1106 3311 72 18 usur-

172 3369 109 27 pateur
301 3369 83 27 pour
399 3363 159 22 retourner
574 3354 14 26 à
607 3360 57 20 nos
679 3350 123 28 inaîtres
816 3344 159 43 légitimes.

215 3400 56 32 S'il
291 3411 19 21 Y
326 3410 15 18 a
359 3398 52 28 des
424 3394 91 41 périls
533 3396 14 26 à
563 3392 99 30 suivre
679 3400 32 19 ce
730 3392 201 26 mouvement
948 3385 40 28 du
1005 3393 85 21 cœur
1111 3387 30 21 et
1156 3385 38 24 de

171 3444 31 30 la
215 3441 195 34 conscience,
428 3446 79 20 nous
522 3435 44 28 les
580 3437 169 34 acceptons.
777 3426 164 31 L'histoire
964 3432 30 21 et
1019 3423 28 30 la
1077 3432 96 19 recon-

172 3485 157 28 ïioissance
357 3480 51 31 des
431 3474 145 43 Français
604 3471 214 30 recueilleront
841 3478 57 19 nos
924 3477 99 18 noms.
1050 3467 83 27 Elles
1155 3467 41 25 les

175 3526 163 39 légueront
358 3522 15 28 à
393 3520 9 30 1
417 3520 106 30 eslime
539 3514 78 31 delà
633 3513 156 41 postérité.

216 3565 52 31 En
283 3565 210 37 conséquence
503 3580 7 13 ,
842 3591 9 11 ,
894 3589 7 12 ,
948 3588 17 4 _
989 3565 5 37 .
1110 3565 5 37 -
1163 3579 31 22 Y-,

216 3606 45 31 Le
550 3598 40 30 du
608 3595 214 41 département
836 3591 37 30 de
894 3589 27 30 la
947 3589 110 34 Seine,
1084 3587 113 28 conseil

175 3644 168 41 municipal
359 3644 35 30 de
412 3641 83 31 Paris
510 3639 236 41 spontanément
762 3632 106 38 réuni.,

215 3689 151 33 Déclare,
387 3686 13 28 à
417 3680 190 33 l'unanimité
624 3677 37 31 de
677 3686 45 20 ses
736 3674 154 31 membres
905 3680 139 32 presens:

219 3728 87 31 Qu'il
321 3735 132 21 renonce
484 3719 228 31 formellement
736 3719 15 28 à
777 3722 89 24 toute
893 3711 176 31 obéissance
1090 3717 109 20 envers

176 3769 167 38 Napoléon
364 3767 178 39 Bonaparte
555 3774 7 22 ;

217 3810 149 41 Exprime
380 3807 31 31 le
425 3817 70 21 vœu
510 3802 110 47 ie.plus
633 3800 107 32 ardent
756 3807 79 32 pour
849 3804 58 34 que
920 3794 28 28 le
958 3796 241 38 gouvernement

1246 128 221 40 monarchique
1481 128 59 28 soit
1554 124 107 32 rétabli
1680 124 73 31 dans
1767 123 27 30 la
1809 131 152 33 personne
1982 122 37 30 de
2035 119 97 31 Louis
2146 117 122 32 XVIII

1246 180 30 21 et
1292 170 37 30 de
1343 181 44 19 ses
1402 178 188 20 successeurs
1605 167 150 39 légitimes
1768 177 7 22 ;

1289 213 107 28 Arrête
1407 220 61 30 que
1481 209 26 30 la
1526 209 139 40 présente
1683 206 185 33 déclaration
1885 211 30 21 et
1929 202 28 31 la
1971 202 230 43 proclamation
2218 200 54 37 qui

1246 252 167 40 l'explique
1429 257 103 24 seront
1546 248 189 40 imprimées,
1749 244 182 31 distribuées
1944 252 27 21 et
1989 243 144 30 affichées
2146 244 14 27 à
2172 240 98 35 Paris,

1246 292 143 31 notifiées:
1403 293 14 27 à
1444 298 99 22 toutes
1569 289 43 28 les
1638 288 144 30 autorités
1805 287 107 28 restées
1935 287 15 26 à
1971 285 87 28 Paris
2089 292 30 21 et
2144 282 74 28 dans
2245 281 27 30 le

1248 334 226 39 département,
1494 338 30 22 et
1537 331 151 39 envoyées
1709 331 18 26 à
1755 335 69 21 tous
1844 326 41 31 les
1906 324 301 41 conseils-généraux
2233 322 40 27 de

1246 374 228 40 déparlement..
2159 374 2 40 .

1289 415 69 30 Fait
1377 417 38 25 én
1429 409 256 44 conseil-général
1706 411 15 27 à
1736 409 107 38 Paris,
1861 418 39 18 en
1918 403 300 39 l'Hôtel-de-Ville,
2243 402 30 31 le

1252 468 12 17 i
1270 459 27 14 er
1309 454 76 32 avril
1403 454 85 35 1814-

1370 494 110 40 Signé,
1504 493 64 33 BctD
1569 502 97 26 enter,
1690 489 195 39 Battfielemy
1900 509 7 15 ,
1932 488 131 35 Beflaré,
2085 484 167 31 Bonfiornet

1433 533 174 32 BuôcHeron
1620 554 7 13 ,
1670 531 135 28 Delaître
1814 552 12 14 ,
1863 528 165 37 GautHier,
2068 526 203 37 D'llarcourt,

1434 575 35 28 de
1482 575 196 38 Lamoignon
1688 585 8 21 ;
1715 573 37 27 Le
1755 572 78 31 beau
1840 592 7 13 ,
1863 569 171 41 président;
2053 568 217 37 Montamant,

1434 614 175 35 secrétaire;
1631 613 149 40 Pérignon
1794 633 7 15 ,
1824 611 78 28 Via!,

1352 676 31 31 S.
1404 676 45 30 M.
1474 674 198 40 l'Empereur
1685 672 37 30 de
1740 679 100 22 toutes
1859 671 43 31 les
1925 670 123 31 Russies
2065 676 44 24 est.
2121 670 150 28 informée

1251 728 58 31 que
1323 717 159 40 beaucoup
1499 715 37 31 de
1548 713 208 31 militaires>de
1768 720 69 24 tous
1846 711 104 43 grades
1964 718 67 24 sont
2042 722 38 19 en
2092 720 32 20 ce
2134 716 141 24 moment

1248 761 14 27 à
1280 758 100 35 Paris,
1409 761 40 26 où
1467 757 34 30 ils
1517 763 54 22 ont
1596 754 231 38 été-conduits-,
1848 754 59 28 soit
1922 763 54 30 par
1993 752 77 28 suite
2087 751 50 30 des
2156 751 98 28 événe-

1250 810 86 19 mens
1352 798 38 28 de
1403 798 28 30 la
1448 807 126 31 guerre,
1604 796 58 30 soit
1676 807 57 28 par
1748 794 27 30 le
1792 794 106 30 besoin
1915 794 35 27 de
1974 794 120 41 soigner
2108 790 67 30 leur
2191 790 85 30 santé

1248 840 115 31 altérée
1376 852 54 28 par
1448 839 37 30 de
1502 836 129 41 grandes
1648 836 128 39 fatigues
1793 846 39 19 ou
1847 833 220 32 d'honorables
2085 831 159 30 blessures.

1293 880 27 31 Il
1337 891 39 19 ne
1396 889 132 32 suppose
1553 889 53 28 pas
1633 876 89 41 qu'ils
1739 878 138 40 puissent
1898 874 85 30 avoir
1997 885 53 20 cru
2068 885 41 18 un
2132 879 142 22 moment

1251 921 76 40 qu'il
1341 920 69 30 leur
1422 919 44 31 fût
1487 919 163 31 nécessaire
1665 918 38 30 de
1717 928 31 18 se
1765 918 107 32 cacher
1883 927 7 24 ;
1910 915 74 28 dans
2006 922 69 21 tous
2099 912 41 31 les
2157 924 47 19 cas
2213 937 8 13 ,
2249 913 24 28 il

1251 973 32 19 se
1300 961 77 40 plaît
1396 963 14 27 à
1437 960 135 30 déclarer
1597 970 35 19 en
1650 969 53 19 son
1728 970 73 18 nom
1818 963 30 22 et
1867 966 40 22 «m
1933 956 78 31 celui
2035 956 38 28 de
2100 952 171 39 ses'alliés,

1251 1002 89 41 qu'ils
1352 1009 70 22 sont
1435 1002 107 37 libres,
1560 1000 214 40 parfaitement
1787 996 92 32 libres
1890 1019 8 15 ,
1920 1004 30 21 et
1967 1005 78 31 que,
2067 1004 119 21 comme
2202 1002 91 21 tous-'

1251 1043 41 31 les
1309 1050 99 22 autres
1433 1041 287 41 citoyens-français
1731 1062 8 15 ,
1767 1038 35 30 ils
1827 1045 70 22 sont
1913 1036 124 41 appelés
2063 1038 14 25 à
2106 1035 164 31 concourir

1251 1096 58 18 aux
1324 1094 135 19 mesures
1482 1083 51 39 qui
1548 1081 126 30 doivent
1691 1080 122 30 décider
1830 1080 26 28 la
1874 1077 115 41 grande
2007 1076 139 39 question
2163 1075 52 39 qui
2235 1085 38 18 va

1251 1133 31 21 se
1300 1126 87 39 juger
1403 1134 78 31 pour
1495 1124 26 27 le
1539 1116 143 35 bonheur
1696 1120 38 30 de
1755 1120 26 30 la
1800 1120 118 30 France
1935 1126 30 21 et
1981 1119 39 28 du
2035 1116 115 30 monde
2166 1115 106 31 entier.

1837 1161 91 37 Signé
1948 1159 224 30 ALEXANDRE.

1416 1205 61 30 Par
1493 1204 28 31 S.
1539 1204 44 28 M.
1600 1201 215 43 l'Empereur,
2184 1238 6 11 ;
2212 1225 9 19 f

1480 1245 43 30 Le
1539 1250 100 25 comte
1656 1252 44 21 DE
1716 1243 222 30 NESSELHODE
1952 1263 9 14 ,
1989 1241 150 28 secrétaire
2156 1237 120 30 D'Etat.

1292 1298 78 31 —S.
1395 1298 44 30 M.
1465 1297 198 40 l'Empereur
1680 1296 171 30 Alexandre
1863 1317 8 13 ,
1890 1293 207 41 accompagné
2108 1290 168 32 seulement

1253 1339 35 30 de
1307 1341 43 28 six
1370 1351 40 17 ou
1427 1346 67 34 sept
1511 1348 189 32 personnes,
1722 1335 67 31 s'est
1809 1336 148 40 promené
1981 1345 32 19 ce
2034 1333 94 30 malin
2145 1331 73 30 dans
2232 1331 43 30 les

1252 1391 70 19 rues
1339 1381 38 28 de
1390 1388 87 21 notre
1499 1377 126 43 capitale
1638 1401 7 13 ,
1670 1388 37 19 au
1729 1377 104 33 ijrilieu
1859 1375 73 31 d'un
1955 1374 113 41 peuple
2091 1374 123 40 pénétré
2237 1371 38 28 de

1253 1421 267 37 reconnoissance,
1543 1416 129 33 sensible
1689 1429 53 20 aux
1761 1417 269 41 grandes-vertus,
2053 1421 30 24 et
2107 1413 73 40 qui,,
2202 1413 72 30 dans

1252 1472 44 20 ses
1311 1461 230 37 acclamations,
1557 1460 48 30 lui
1619 1459 161 31 décernoit
1794 1459 26 28 la
1834 1468 132 19 surnom
1978 1457 38 27 de
2029 1455 202 41 magnanime.

1349 1517 43 28 Le
1406 1518 84 26 sénat
1502 1514 67 30 s'est
1585 1511 149 32 assemblé
1748 1509 196 43 aHjourdltmi
1959 1521 81 28 pour
2055 1518 143 20 nommer
2213 1518 63 18 une

1253 1557 197 31 commission
1466 1556 37 28 de
1520 1556 71 39 cinq
1606 1552 171 38 membres,
1794 1552 53 40 qui
1859 1561 32 19 se
1909 1563 15 17 a
1939 1550 129 39 chargée
2087 1550 41 28 du
2140 1558 116 31 gouver-

1253 1605 124 22 nement
1400 1596 180 41 provisoire.
1603 1594 57 30 Les
1677 1592 154 31 membres
1851 1591 53 40 qui
1930 1590 27 31 la
1982 1596 178 32 composent
2179 1596 67 21 sont
2268 1599 7 17 :

1256 1637 46 31 M.
1333 1638 187 41 TalleyranJ
1532 1655 18 4 -
1559 1633 150 40 Périgord
1724 1657 8 14 ,
1761 1633 46 30 M.
1833 1631 100 31 l'abbé
1958 1631 39 30 de
2027 1630 223 39 Montesquiou
2268 1650 8 11 ,

1254 1678 47 30 M.
1320 1678 27 30 le
1370 1678 123 41 général
1517 1674 223 33 Beurnonville
1753 1697 8 15 ,
1789 1671 46 32 SI.
1859 1674 154 28 Jaucourt
2035 1680 33 21 et
2094 1670 46 30 M.
2166 1670 27 30 le
2218 1669 60 30 dvc

1256 1720 164 41 d'Arbcrg.

1349 1772 64 32 LL.
1435 1772 85 30 MM.
1534 1770 197 40 l'Empereur
1747 1769 37 28 de
1804 1767 110 31 Russie
1939 1774 28 22 et
1989 1766 28 30 le
2039 1765 61 32 Roi
2117 1765 37 30 de
2167 1763 111 30 Prusse

1253 1812 253 33 commandoient
1517 1812 120 32 l'armée
1650 1822 69 18 sous
1734 1809 41 30 les
1789 1819 85 19 murs
1886 1808 37 28 de
1935 1807 86 30 Paris
2029 1818 6 25 ;
2053 1807 124 30 aussitôt
2191 1806 87 40 après

1254 1857 27 30 la
1297 1854 202 41 capitulation
1508 1876 9 14 ,
1539 1863 46 20 ces
1600 1852 210 40 magnanimes
1826 1850 174 31 souverains
2017 1846 210 32 descendirent
2241 1846 38 30 de

1256 1896 124 39 cheval,
1410 1902 30 22 et
1461 1894 248 28 s'embrassèrent
1723 1915 8 15 ,
1761 1902 39 19 en
1819 1890 97 31 disant
1944 1889 5 46 :
1974 1891 44 31 J.e
2041 1899 74 30 rang
2140 1898 37 18 va
2200 1889 77 27 Donc

1253 1948 91 20 ce.uer
1357 1937 35 28 De
1404 1941 103 25 coûter
1517 1937 11 27 !

1269 1994 6 6 '
1296 1990 94 30 —Le
1409 1989 59 31 duc
1489 1988 37 30 de
1547 1987 148 37 Vicenee,
1719 1984 109 31 s'étant
1847 1984 141 40 présenté
2006 1983 109 39 auprès
2133 1981 53 31 des
2203 1990 58 19 sou-

1256 2043 117 18 verains
1401 2030 100 34 alliés,
1530 2028 48 30 n'a
1605 2039 44 30 pu
1675 2036 142 31 parvenir
1838 2031 21 21 A
1880 2034 63 19 sen
1965 2026 76 27 faire
2067 2029 125 22 écouter
2205 2033 7 24 ;
2229 2030 54 24 ,ses

1256 2072 211 44 propositions
1483 2068 151 31 n'étoiént
1650 2078 53 31 pas
1714 2067 92 30 celles
1826 2078 58 28 que
1905 2065 41 30 les
1965 2065 170 40 puissances
2160 2062 123 30 avoient

1257 2114 80 30 droit
1354 2112 187 35 d'attendre,
1563 2117 123 22 surtout
1702 2108 119 40 d'après
1846 2105 123 32 la.mani
1987 2105 132 30 estalion
2132 2104 150 30 éclatante

1258 2157 52 28 des
1325 2150 165 34 sentiméns
1506 2151 50 30 des
1571 2150 141 31 habitans
1726 2150 38 30 de
1787 2148 83 30 Paris
1892 2154 28 21 et
1943 2146 38 30 dé
2003 2152 85 24 toute
2109 2144 26 31 la
2152 2144 130 30 Frauce.

1257 2196 50 32 En
1328 2196 230 38 conséquence,
1574 2191 31 30 le
1624 2192 59 30 duc
1704 2189 38 31 de
1754 2190 136 30 Vicence
1915 2187 70 28 s'est
2008 2186 92 30 remis
2127 2196 39 19 en
2192 2190 91 25 roûte

1257 2248 80 32 pour
1351 2246 32 20 se
1398 2235 110 34 rendre
1522 2244 39 18 au
1577 2228 279 45 quartier-général
1871 2229 37 31 de
1918 2228 176 41 Napoléon.

1352 2289 43 31 Ee
1409 2287 106 44 public
1531 2294 45 21 est
1590 2287 135 39 prévenu
1741 2295 58 30 que
1815 2282 43 31 les
1872 2287 174 37 passeports
2061 2278 222 32 continueront

1257 2334 15 28 à
1290 2334 63 28 être
1370 2329 130 30 délivrés
1525 2330 15 27 à
1565 2326 28 31 la
1616 2326 169 41 préfecture
1805 2323 35 30 de
1866 2323 99 41 police
1991 2331 123 20 comme
2140 2320 39 30 ils
2205 2319 78 30 l'ont

1258 2376 46 27 été
1326 2370 275 41 précédemment.;
1625 2367 37 30 ils
1690 2366 129 31 devront
1845 2362 171 31 seulement
2040 2365 63 26 être
2127 2372 38 19 en
2192 2368 90 21 outre

1258 2409 204 43 contresignés
1479 2421 54 30 par
1548 2409 33 28 S.
1604 2408 71 28 Exc.
1685 2406 52 31 -M.
1754 2405 27 31 le
1807 2406 98 28 baron
1929 2404 35 30 de
1985 2404 135 37 Sacken,
2141 2411 122 31 gouver-

1259 2450 309 37 neur-commandant
1585 2450 37 30 de
1637 2448 25 30 la
1676 2447 86 41 place
1774 2446 38 30 de
1830 2445 94 31 Paris.
2179 2445 5 48 ,
2211 2445 1 48 .
2272 2486 11 7 .

1357 2507 26 28 Il
1397 2517 14 18 a
1428 2515 77 32 paru
1519 2503 66 30 hier
1600 2513 41 18 un
1655 2502 61 30 avis
1729 2502 77 28 ainsi
1818 2510 99 30 conçu
1932 2510 7 17 :

1302 2563 15 12 «
1342 2548 43 30 Le
1396 2542 333 45 gouverneur-général
1742 2541 37 30 de
1794 2541 99 35 Paris,
1906 2546 100 22 comte
2021 2538 117 30 Sacken
2147 2559 7 12 ,
2172 2535 111 32 défend

1260 2591 227 40 expressément
1514 2595 58 31 que
1590 2594 172 31 personne,
1788 2581 72 30 dans
1884 2587 74 22 cette
1977 2580 86 37 ville,
2094 2578 99 40 puisse
2218 2580 64 27 être

1259 2631 151 39 inquiété,
1430 2627 112 32 offensé
1559 2633 32 21 et
1603 2623 129 31 rritile&té
1748 2634 58 30 par
1821 2621 53 40 cfui
1893 2631 58 30 que
1967 2630 33 21 ce
2016 2620 78 34 soit,
2126 2629 80 30 pour
2228 2617 57 30 fait

1260 2672 162 40 d'opinion
1440 2666 152 45 politique
1606 2672 31 22 et
1650 2675 83 30 pour
1750 2665 43 27 les
1807 2665 98 39 signes
1923 2662 165 30 extérieurs
2113 2660 51 39 qui
2179 2670 85 28 pour-

1259 2714 103 30 roient
1377 2713 61 27 être
1455 2711 113 39 portés.
1590 2721 14 12 »

1322 2752 107 38 Parts,
1444 2750 30 30 le
1494 2760 12 18 IER1
1509 2754 24 13 ER
1550 2746 80 31 avril
1645 2746 84 35 1814-

1424 2792 44 30 Le
1480 2786 322 46 gouverneur-général
1815 2785 34 30 De
1864 2784 85 31 Paris
1959 2805 9 17 ,
1996 2789 102 25 comte
2112 2780 150 31 SACKEN.

1556 2887 216 31 PRÉFECTURE
1795 2893 44 21 DE
1864 2893 129 20 POLICE.

1303 2947 81 31 Jvù,
1452 2944 51 28 Au
1521 2952 74 20 nom
1612 2939 35 31 de
1664 2939 32 31 S.
1707 2939 79 30 Exe.
1805 2939 80 39 Mgr.
1902 2936 26 30 le
1941 2937 109 40 princè
2068 2935 37 30 de
2120 2934 148 31 Schsvart-

1263 2987 149 40 zenberg,
1429 2981 222 34 commandant
1672 2991 38 19 en
1734 2979 74 31 chef
1828 2978 37 31 de
1894 2978 138 37 l'armée,
2061 2976 28 30 le
2111 2974 105 35 public
2238 2978 45 25 est

1261 3030 94 31 averti
1371 3037 58 31 que
1442 3025 43 30 les
1501 3024 144 30 barrières
1664 3028 69 21 sont
1749 3026 156 28 ouvertes;
1924 3028 60 30 que
2007 3017 63 31 l'on
2091 3022 76 34 peut
2184 3022 99 22 entrer

1261 3078 31 22 et
1310 3069 89 30 sortir
1415 3063 180 39 librement,
1612 3069 31 24 et.
1659 3072 59 30 que
1735 3060 27 30 la
1788 3059 177 31 circulation
1984 3070 52 19 sur
2052 3059 44 30 les
2113 3064 103 24 routes
2238 3063 45 21 est

1263 3111 118 30 assurée
1400 3109 73 28 dans
1488 3105 39 30 les
1544 3104 143 30 environs
1701 3102 35 30 de
1755 3102 26 30 la
1796 3100 139 40 capitale.

1305 3150 102 37 Paris,
1423 3148 26 30 le
1524 3144 76 31 avril
1617 3145 86 34 iBi4-

1603 3187 39 27 Le
1658 3184 98 28 Gaton
1773 3182 174 37 PASQUIER
1958 3204 8 14 ,
1985 3181 92 41 préfet
2089 3180 35 30 de
2138 3180 106 39 police.

1305 3262 39 9 -r.
1361 3243 54 30 On
1430 3250 158 25 annonce-,
1612 3248 122 20 comme
1761 3236 110 28 devant
1898 3236 132 40 paroître
2060 3243 71 20 sous
2158 3242 61 31 peu
2245 3231 39 27 de

1264 3288 99 39 jours,
1380 3295 61 18 une
1449 3281 156 31 brochure
1612 3278 139 31 intitulée
1769 3289 6 17 :
1794 3279 41 27 De
1848 3278 188 38 Bonaparte,
2053 3274 47 30 d&
2114 3270 170 38 Bp.wôom,

1264 3334 28 22 et
1305 3328 33 27 de
1354 3326 31 30 Ca
1403 3324 136 31 nécemté-
1559 3322 35 27 de
1602 3324 35 26 de
1657 3322 46 27 rit
1703 3321 52 27 fier
1769 3320 21 27 à
1814 3327 56 20 non
1886 3318 117 28 Vrinccô
2029 3317 162 39 Cégitimei,
2213 3324 76 28 pour

1265 3371 27 27 le
1306 3366 137 31 Gonfleur
1459 3365 35 28 de
1513 3365 30 27 la
1558 3363 111 28 France
1683 3364 28 25 et
1729 3360 79 28 celui
1827 3358 34 28 de
1880 3356 143 43 t'Europe
2036 3369 9 22 ;
2061 3367 53 30 par
2130 3353 53 30 Fr.
2199 3350 84 43 Âug.

1266 3409 35 31 de
1602 3402 92 32 Cette
1711 3400 154 30 brochure
1879 3409 28 20 se
1925 3397 113 31 vendra
2055 3399 14 26 à
2091 3396 103 38 Paris,
2207 3394 76 31 chez

1266 3451 26 30 le
1312 3449 172 32 Normant,
1507 3455 53 19 rue
1579 3443 39 30 de
1638 3442 110 38 Seine,
1835 3441 18 28 8
1867 3451 7 25 ;
1897 3445 28 22 et
1948 3439 76 30 chez
2047 3437 104 30 Marne
2172 3436 112 35 frères,

1265 3501 54 20 rue
1335 3487 217 34 Pot-de-Fer,
1571 3489 41 25 n°.
1637 3487 14 33 i
1651 3487 31 33 -

1605 3541 340 13 vWVVV^>VM.\WVWVVW«Vk

1449 3578 115 28 COURS
1581 3582 44 20 DE
1641 3580 41 24 LA
1697 3573 148 30 BOURSE.
1905 3572 51 28 Du
1975 3573 39 26 i*'
2027 3569 86 31 avril.

1270 3622 81 37 Cinq
1374 3631 19 28 p
1398 3622 9 11 r
1421 3626 86 26 cent,
1528 3617 31 30 J.
1579 3615 43 28 du
1638 3626 38 18 î2
1691 3624 80 20 mars
1789 3613 89 37 iBi4-
1946 3611 58 41 4gf
2016 3611 57 31 s°c
2089 3607 56 32 sof
2160 3606 57 32 sof
2233 3607 56 30 soc

1310 3664 17 28 5
1337 3660 30 30 if
1378 3660 56 31 Soc
1453 3646 63 44 fui

1270 3704 80 28 Idem
1364 3724 7 14 ,
1389 3704 32 26 J.
1437 3700 43 30 du
1496 3711 38 21 2?
1553 3694 174 43 septembre
1747 3694 86 35 1814.

1271 3741 124 35 Actions
1409 3742 37 28 de
1456 3741 26 30 la
1500 3739 99 39 Banq.
1613 3737 37 32 de
1668 3736 130 34 Franc.,
1809 3735 118 30 Jouiss.
1949 3735 44 28 du
2072 3732 128 43 janvier.
2220 3730 73 40 640f

1313 3783 76 32 tiâof
1402 3782 78 41 ôyôf
1492 3780 77 32 68of
1581 3777 77 43 7oof
1669 3776 164 41 680f67f.f.
2141 3784 14 5 -
2189 3776 4 47 '

1231 96 0 35 4
