4996 6817
374 213 175 32 MANCHE

569 270 231 33 Cherbeirg

125 306 25 28 L
159 306 175 28 AFFAIRE
347 306 53 30 DU
418 305 150 31 CALICE.
581 320 33 6 -
631 305 58 30 Sar
704 306 39 26 lei
759 313 61 26 prai-

91 350 51 19 ne
146 346 25 22 ta
184 343 123 27 coneaili
321 350 54 27 que
390 343 41 27 lui
462 350 35 20 ea
526 343 78 27 avait
634 341 123 27 maintes
782 340 54 28 (oit

91 377 110 28 donnés
215 377 44 28 M'
275 377 103 32 Laeae,
406 377 27 28 la
455 378 77 26 aiear
556 377 45 26 As
606 384 51 26 gai
659 381 26 21 te
712 374 38 30 Le
752 376 67 28 bour-

89 412 89 34 geois,
194 413 177 27 dessinatear
386 420 35 20 au
445 415 71 32 port,
547 412 158 26 oondamaé
732 415 87 25 réosm-

92 450 81 25 aaeat
190 448 107 34 malgré
312 456 41 19 sas
370 446 143 28 lermeilei
529 446 183 35 dénégation*
725 455 71 27 pour
810 449 27 25 la

90 481 48 30 ▼ol
168 482 69 28 d'an
267 483 87 28 caliee
378 485 15 24 à
420 482 109 35 l'égliee
556 482 34 28 de
617 481 222 31 Saiate-Crolx-

92 517 115 34 Hague,
222 520 63 25 t'en
301 519 97 27 décidé
411 519 15 26 à
442 524 94 26 paner
552 519 46 26 dei
613 524 103 21 aveux.

130 553 125 34 Lorsque
268 552 188 37 Lebourgeois
471 554 44 26 fat
530 554 98 34 frappé
644 553 33 27 de
704 553 28 28 la
756 552 84 35 peine

92 589 96 26 •érère
203 591 33 25 de
250 592 61 30 sept
326 596 52 20 ans
392 588 34 27 de
439 592 123 25 travaux
579 589 97 31 forcés,
705 595 50 20 son
789 587 34 28 dé-

91 624 116 26 feaeeur
222 622 41 27 lai
278 624 32 27 fit
324 631 164 27 remarqaer
502 631 54 27 qae
570 622 48 26 des
638 630 103 26 aveux,
756 622 66 34 quoi-

91 665 56 27 «jos
162 658 113 33 tardifs,
292 659 216 33 permettraient
536 658 33 27 de
585 658 71 27 faire
670 657 115 30 aboetir
797 664 40 20 un

92 700 113 20 naoars
220 702 35 19 en
278 696 83 33 grée*
386 697 27 25 et
442 694 206 33 disposeraient
674 693 27 27 le
729 693 64 27 obef
807 693 34 27 de

92 726 92 30 l'Etat
198 730 17 26 è
229 730 28 27 la
273 730 152 27 elémenes.

177 763 46 28 Eh
240 764 79 34 bien,
333 765 158 27 faites-moi
519 767 190 32 comparaître
736 764 105 27 devant

93 797 45 28 M.
152 798 27 27 le
196 798 157 28 Proeaiwur
379 801 33 26 de
438 800 27 27 la
493 800 188 35 République,
710 798 131 35 lépondit

92 833 202 37 Lebourgeois,
309 839 27 25 et
351 835 28 35 je
392 835 73 28 dirai
482 837 73 26 tout.

131 868 43 28 La
182 870 105 33 justioa
300 870 45 28 fat
360 870 149 31 informée,
526 873 27 25 et
581 870 187 33 Lebourgeois
798 878 30 20 re-

93 907 56 30 çut
163 904 71 30 daas
249 913 30 21 sa
295 906 96 34 prison
406 906 30 28 la
450 905 86 30 visite
550 905 33 28 de
611 905 45 30 M.
679 906 27 28 le
735 905 90 30 Proeu-

97 947 65 19 renr
177 940 33 27 de
226 943 27 26 la
267 941 195 35 République.

181 983 15 17 «
213 974 44 28 Eb
275 977 76 32 bien,
380 977 58 31 oui,
469 976 80 30 dit-il
575 977 18 27 i
620 984 30 20 oe
679 976 162 35 magistrat,

96 1010 69 26 •'•et
180 1012 58 26 moi
253 1013 50 33 qui
319 1013 27 27 ai
360 1012 211 28 effectivement
588 1012 122 27 oommls
730 1015 26 24 le
784 1010 58 28 vol.

98 1043 35 30 Si
149 1045 28 34 je
191 1054 45 19 me
249 1048 63 26 toit
326 1051 41 28 ta,
385 1050 65 24 c'est
465 1054 81 27 paroe
561 1054 53 20 oue
641 1049 61 25 tout
718 1046 124 33 d'abord,

97 1080 105 34 l'avais
216 1084 144 26 ooafiaaee
376 1083 71 27 dus
461 1091 31 18 ce
510 1084 124 32 système
660 1082 32 27 de
720 1082 122 30 défense,

98 1123 35 18 •n
151 1117 94 27 raison
262 1119 33 26 de
306 1119 139 28 l'absence
469 1119 35 26 de
517 1120 78 25 toute
624 1124 105 26 preuve
752 1120 73 25 maté-

98 1150 92 27 rielle.

133 1186 65 28 «Et
214 1188 65 34 puis
292 1188 30 34 je
335 1196 35 20 ne
385 1188 112 28 voulais
508 1196 60 26 pas,
585 1188 38 28 du
639 1188 105 32 moins,
775 1195 53 26 pen-

98 1219 71 30 dant
196 1222 27 27 le
250 1227 93 32 temps
372 1232 53 27 que
455 1222 28 35 ji
510 1224 85 27 serait
621 1224 15 27 à
669 1222 175 34 Cherbourg,

96 1257 102 32 perdre
211 1258 123 30 l'estime
348 1259 34 27 de
399 1267 46 20 ma
465 1260 107 26 femme
587 1261 27 25 et
628 1259 47 26 des
692 1259 104 26 mitns.

131 1298 15 17 «
163 1292 118 35 Voyant
295 1302 56 27 qae
365 1294 106 34 j'allais
485 1294 58 26 Cire
557 1293 93 34 pineé.
677 1294 28 33 je
738 1293 107 26 résolos

92 1325 35 28 de
154 1335 44 20 me
224 1329 163 30 débarasser
423 1331 38 26 du
488 1329 99 28 oalioe.
626 1329 91 34 Après
745 1328 102 28 l'avoir

163 5092 197 21 pkuilleton
376 5093 40 19 D»
443 5081 272 32 L'Outil-Éclair
754 5083 58 30 108

89 5172 367 135 L'AGENCE
500 5172 335 135 MILLE

194 5333 76 47 Par
287 5331 141 47 Xavier
443 5333 46 45 de
504 5323 229 56 MOKTÉPIN

260 5428 231 37 PREMIÈRE
509 5432 159 33 PARTIE

439 5512 44 32 IV

132 5575 25 31 Il
174 5583 32 22 se
221 5575 58 30 sait
296 5576 106 37 perdu,
418 5578 30 27 et
459 5574 174 38 cependant
645 5574 89 30 saisit
746 5574 92 31 d'ans

96 5621 86 28 main
206 5619 182 30 défaillante
411 5620 44 28 lei
482 5619 70 35 pln>
568 5617 110 31 faible*
694 5626 141 27 roseaux,

91 5662 73 32 bien
180 5668 61 26 Mie
256 5662 97 31 brisé»
370 5672 71 21 ion«
458 5670 54 21 «on
528 5662 128 30 étreinte
672 5660 64 31 !...

131 5715 180 34 Vanbaron,
335 5717 20 28 à
378 5715 31 30 la
433 5714 106 31 faveur
556 5713 53 31 des
625 5714 139 30 ténèbre»
780 5722 59 28 que

92 5760 44 31 le»
152 5759 119 32 tarohei
287 5763 30 27 et
332 5759 44 31 les
393 5759 90 28 falot»
500 5765 39 24 ne
553 5758 185 37 dissipaient
754 5759 90 37 point

91 5811 122 26 encore,
230 5807 138 27 traversa
383 5804 31 28 la
441 5811 74 20 cour
543 5805 30 27 et
602 5811 32 21 le
663 5803 176 37 rapprocha

92 5850 54 31 de»
161 5848 168 31 bâtiments
344 5848 38 30 de
397 5848 31 28 la
444 5854 139 22 citerne.

213 5901 59 34 Qui
309 5900 58 28 «ait
389 5898 19 30 ?
448 5897 174 38 pensait-il,
660 5907 60 21 cne
755 5902 86 34 porte

93 5944 118 32 entr'oa
215 5948 91 31 verte,
322 5952 60 22 une
397 5943 116 31 tenèlre
528 5942 63 31 mal
606 5942 85 31 oloie
706 5947 135 33 peuvent

94 5996 50 24 me
158 5992 164 34 permettre
337 5987 39 31 de
390 5994 50 24 me
452 5987 112 38 glisser
578 5987 20 28 à
611 5983 228 34 l'intérieur!...

135 6040 40 32 Et
189 6041 22 30 il
227 6040 129 38 répétait
371 6048 11 22 :

188 6089 60 34 Qai
265 6085 141 34 eait?...

133 6143 83 30 Vain
243 6142 102 38 eipoir
360 6143 65 28 1...
457 6139 58 32 Les
544 6144 103 33 porte»
676 6141 113 30 solides
813 6144 30 26 et

96 6187 190 30 ■trioteaent
298 6185 130 31 fermées
439 6184 124 31 avaient
576 6188 98 27 toutes
689 6184 37 31 de
736 6184 106 31 lourds

96 6237 126 24 ▼errons
237 6234 28 27 et
280 6228 38 31 de
333 6229 92 31 fortes
442 6235 148 25 serrnre».

138 6283 103 34 Quant
256 6289 60 24 aux
331 6281 143 34 fenêtres,
500 6281 74 32 elles
591 6281 113 32 étaient
719 6281 124 39 garnies

97 6328 39 31 de
151 6327 151 31 barreaux
317 6326 52 38 qai
381 6326 168 38 pouvaient
560 6333 132 31 presque
702 6326 143 31 rivaliser

98 6372 190 38 d'épaisseur
324 6378 73 22 arec
432 6377 78 25 ceux
544 6369 54 32 des
634 6370 132 32 orolsées
802 6370 41 31 du

99 6417 111 32 bagne.

139 6457 81 32 Tout
235 6458 18 31 à
268 6465 80 31 ooup
364 6465 61 24 une
441 6458 96 31 clarté
550 6457 71 32 vive
644 6457 130 32 envahit
800 6458 45 30 lei

100 6503 83 32 deux
197 6502 73 32 tiers
285 6502 39 32 de
337 6502 32 31 la
383 6509 74 25 oour
471 6510 39 24 au
523 6502 74 33 font
611 6502 39 33 de
663 6502 136 39 laquelle
813 6509 32 25 H

104 6547 133 32 trouvait
255 6549 87 30 notre
356 6546 102 33 héros.

891 214 90 33 aplati
993 213 69 26 d'an
1077 219 70 26 coup
1162 209 35 28 de
1212 217 123 24 munie,
1350 208 27 34 Je
1391 208 26 26 le
1434 207 69 34 jetai
1530 207 28 28 le
1572 208 48 26 len-

889 248 116 27 demain
1020 247 38 27 4a
1074 247 58 30 vol,
1148 246 26 26 le
1196 246 84 27 lundi
1302 244 17 27 &
1331 244 66 26 août
1411 249 38 21 au
1468 241 66 34 loir,
1564 243 72 27 daai

891 283 30 27 la
934 282 109 28 teaehe
1057 281 109 34 d'égoùt
1182 281 94 33 placée
1302 285 37 22 au
1365 278 64 27 oolk
1459 276 47 27 dei
1534 283 50 22 rue
1609 281 27 24 et

892 320 79 34 place
986 317 32 27 de
1033 317 31 27 la
1077 315 164 27 Poudrière.
1260 322 14 18 »

927 353 46 27 Oo
990 359 37 20 ti
1050 352 154 26 demander
1230 351 47 26 du
1305 347 244 34 renseignements
1579 354 58 20 aux

893 390 64 26 hem
965 394 57 20 mes
1051 386 33 28 de
1111 386 109 28 lervioe
1247 384 48 37 qui
1322 385 50 26 ont
1396 384 66 27 earé
1486 384 28 30 la
1528 381 110 31 baacbe

892 424 111 33 d'égoût
1017 422 27 27 le
1059 420 94 30 matin
1169 422 39 27 da
1221 422 18 25 0
1251 420 76 27 août.

928 457 144 28 Peut-être
1114 457 61 28 leur
1221 455 180 34 témoignage
1442 452 196 28 fournira-t-il

893 493 137 35 qnelqaes
1044 493 172 27 indication!
1230 493 18 26 à
1273 494 72 22 cette
1359 488 109 35 affaire,
1487 489 48 34 qui
1560 487 78 28 aintl

892 529 85 35 qu'en
993 529 26 27 le
1044 529 70 31 voit,
1142 529 70 25 reste
1239 524 136 34 toujours,
1406 527 28 25 et
1462 524 107 33 malgré
1598 522 40 28 lei

893 570 105 25 aveux,
1012 565 132 26 entourée
1157 562 66 26 d'an
1239 561 79 32 épaii
1335 569 27 18 m
1368 562 100 32 ytlère.

901 672 130 59 Offres
1070 671 41 57 et
1150 669 236 58 Demandes
1428 666 210 77 d'Emploi

1185 778 125 27 Offres

935 831 50 31 Oa
1005 829 152 31 demande
1173 837 60 21 une
1254 824 149 33 VfiUVE
1430 824 74 40 âgée
1518 826 37 32 de
1570 824 39 31 30
1624 827 18 30 à

895 869 39 32 40
948 879 56 21 ans
1032 878 77 30 pour
1136 868 79 32 tenir
1244 875 43 21 an
1313 869 141 34 ménage,
1486 865 78 32 faire
1589 866 53 30 dei

895 911 149 32 êcrituro»
1059 917 27 24 et
1103 911 85 34 gérer
1217 915 43 22 an
1286 905 77 38 petit
1591 905 38 31 Sô

898 951 115 31 rieuses
1039 950 115 31 référée
1160 956 48 22 ces
1245 946 132 37 exigées.
1401 944 172 32 S'adresser
1603 954 40 20 au

896 991 117 28 bureau
1029 989 41 31 da
1084 987 133 39 journal.

937 1028 50 33 Oa
1003 1028 152 32 demande
1170 1024 92 32 UNE
1279 1024 154 31 BONNE
1449 1024 38 31 de
1512 1023 39 31 80
1573 1025 18 28 &
1605 1022 40 32 30

898 1078 69 20 ans.
1038 1067 171 31 S'adresser
1226 1074 39 21 au
1283 1065 116 30 bureau
1414 1065 40 27 du
1468 1064 133 34 tourna!.

930 1108 39 24 De
985 1107 66 24 bons
1075 1104 123 25 ouvriers
1221 1103 150 25 tisserands
1395 1110 11 14 «
1429 1102 107 24 flanelle
1557 1108 11 15 »
1585 1103 60 21 sent

899 1137 149 25 demandés
1075 1136 38 22 M.
1129 1134 131 30 Choleau,
1286 1134 144 28 fabrioant,
1456 1131 39 30 46,
1518 1137 48 19 rue
1592 1131 35 25 Po-

899 1170 76 27 terie,
985 1167 77 25 Vitré

931 1201 38 21 M.
985 1196 145 32 Laperche,
1146 1195 40 31 47,
1199 1204 48 18 rue
1273 1196 32 24 de
1328 1195 100 27 Dinan,
1442 1193 136 25 demande
1599 1193 48 25 des

900 1230 155 37 apprenties
1065 1230 102 30 payées
1182 1230 27 22 et
1225 1227 47 25 des
1283 1226 148 28 ouvrières,
1446 1225 71 25 ainsi
1532 1231 53 25 que
1599 1224 48 26 dei

900 1261 157 24 débutants.

1166 1292 220 28 Demande*

940 1331 143 32 JEUNE
1107 1329 174 34 HOMME,
1303 1329 39 30 24
1364 1336 66 26 ani,
1455 1328 120 32 famille
1597 1337 50 22 ex-

926 5070 70 31 Une
1007 5069 152 32 escouade
1170 5070 93 30 d'ace
1274 5068 159 38 vingtaine
1447 5068 172 28 d'hoaraes

886 5114 146 38 précédés
1046 5114 76 30 d'au
1137 5113 216 30 commissaire
1369 5114 28 27 et
1411 5112 38 30 de
1472 5114 109 34 quatre
1596 5118 39 20 ou

885 5159 72 37 cinq
973 5163 137 33 porteur»
1129 5159 37 28 de
1195 5157 122 30 totches
1345 5154 182 35 rAsineuses,
1557 5152 61 31 arri-

886 5204 63 27 vait
964 5204 17 27 à
996 5204 31 27 la
1041 5203 90 37 grilla
1147 5202 37 30 de
1200 5202 30 28 la
1246 5206 128 25 calerai
1401 5203 28 27 et
1456 5199 159 39 parlemen-

886 5245 54 30 tait
956 5254 72 22 avec
1045 5246 27 30 le
1087 5244 206 31 factionnaire
1320 5243 64 30 afin
1409 5242 151 31 d'obtenir
1574 5248 60 30 que

886 5293 77 27 oette
986 5289 91 38 grille
1101 5289 46 28 fût
1174 5290 135 27 ouverte.
1339 5287 51 30 Ua
1415 5287 39 30 tel
1482 5285 91 31 débat
1597 5288 38 27 ne

891 5334 126 37 pouvait
1032 5334 63 28 être
1110 5335 85 34 long,
1227 5333 27 30 le
1270 5334 137 27 moment
1422 5329 124 32 terrible
1560 5328 74 32 était

888 5385 81 22 venu
984 5375 65 32 !...
1069 5375 132 32 L'heure
1213 5374 94 33 fatale
1320 5374 87 31 allait
1421 5381 113 24 tonner
1546 5372 63 31 !...

927 5421 180 35 Vaubaron,
1137 5421 139 37 toujours
1305 5419 148 30 invisible
1481 5418 77 31 dam
1587 5418 45 31 lei

887 5465 149 34 ténèbre*,
1051 5465 138 37 longeait
1205 5465 30 27 la
1251 5463 145 31 muraille
1410 5463 38 30 de
1462 5463 31 28 la
1508 5469 126 24 caierne

888 5517 77 28 pour
980 5509 151 31 atteindre
1148 5507 112 39 l'angle
1290 5509 28 30 le
1345 5507 71 37 plui
1433 5506 104 32 reculé
1552 5505 37 31 de
1605 5505 30 30 la

888 5561 85 20 eosr.

928 5596 26 31 Il
969 5606 39 22 ne
1020 5596 46 31 lui
1083 5596 104 32 restait
1217 5596 70 39 plus
1302 5602 60 32 que
1377 5595 150 38 quelques
1544 5602 56 30 pas
1616 5595 19 28 k

887 5641 89 34 faire,
1007 5641 124 37 lorsque
1147 5649 54 21 son
1218 5641 110 37 épaule
1344 5647 32 21 se
1406 5639 110 31 heurta
1530 5641 105 27 contre

889 5693 44 21 un
950 5693 89 30 corps
1054 5685 58 28 dur
1126 5688 30 26 et
1170 5685 138 30 saillant.

930 5727 26 31 Il
973 5732 87 33 porta
1076 5728 30 30 la
1122 5728 86 31 main
1224 5735 58 22 sur
1296 5726 168 31 l'obslaole.

930 5772 111 31 C'était
1056 5780 43 22 an
1115 5777 96 33 tayau
1232 5772 37 30 de
1283 5772 93 33 fonte,
1407 5772 142 28 montant
1573 5769 46 38 jas-

889 5816 92 39 qu'au
997 5817 56 30 toit
1067 5820 30 26 et
1110 5818 125 27 servant
1250 5815 37 31 de
1300 5813 144 32 conduite
1461 5812 70 32 'aux
1556 5822 79 22 eaux

891 5861 163 37 pluviales.
1074 5861 59 28 Des
1149 5859 113 30 oercles
1278 5858 37 31 de
1330 5858 56 35 fer,
1402 5857 157 32 seeUésde
1574 5857 45 30 dis-

891 5904 87 25 tance
993 5908 38 22 en
1042 5900 141 30 distance
1194 5898 78 30 dans
1283 5900 30 30 le
1324 5898 115 37 granit,
1455 5898 28 30 le
1509 5896 126 32 fixaient

891 5943 28 31 le
940 5944 73 37 long
1028 5943 41 31 du
1084 5952 80 22 mur.

931 5982 39 31 Se
985 5985 97 28 servir
1095 5983 39 30 de
1148 5991 35 22 ce
1198 5986 97 33 tayau
1309 5989 77 30 poar
1398 5981 117 30 arriver
1532 5981 18 28 à
1576 5987 61 24 une

891 6026 132 32 hauteur
1033 6027 35 30 dt
1093 6026 73 31 trois
1182 6030 102 34 étages
1296 6025 76 31 était
1385 6033 60 24 une
1468 6025 168 35 entreprise

891 6066 151 35 inseniée,
1058 6066 112 31 devant
1186 6066 27 31 le
1219 6065 102 39 quelle
1335 6072 43 22 an
1393 6063 191 38 éqailibriite
1599 6064 38 30 de

891 6111 172 37 profession
1078 6110 100 31 aurait
1198 6110 104 31 reculé
1315 6117 72 21 sans
1402 6115 103 22 aucun
1533 6106 100 37 doute,

891 6163 52 20 car
958 6156 44 28 les
1017 6154 70 30 bras
1102 6157 30 27 et
1146 6154 45 31 les
1205 6161 122 28 genoux
1341 6161 39 22 ne
1394 6150 168 39 pouvaient
1574 6158 40 25 em-

892 6195 123 28 brasser
1028 6193 278 32 convenablement
1315 6193 31 30 la
1370 6193 84 30 fonte
1481 6191 152 34 arrondie,

891 6239 169 28 adhérente
1078 6237 20 30 à
1113 6247 41 20 un
1169 6244 90 30 corps
1273 6235 106 37 solide,
1394 6240 30 26 et
1450 6235 45 31 les
1522 6235 113 31 «ercl*s

892 6278 38 31 de
943 6278 56 34 fer,
1015 6278 103 38 plscés
1131 6278 39 30 de
1183 6276 138 31 distanoe
1333 6283 39 24 en
1383 6274 150 33 dislanoe,
1550 6274 71 31 n'off-

893 6321 99 31 raienf
1016 6330 61 21 aux
1106 6320 86 39 pieds
1220 6327 59 31 que
1307 6320 53 31 de»
1380 6319 102 39 points
1509 6317 126 39 d'appui

893 6365 204 30 insoffîfaats.

932 6409 169 31 Vanbaron
1116 6406 135 33 n'besila
1267 6406 86 39 point
1381 6406 175 38 cependant
1585 6406 34 31 de-

894 6457 74 27 vant
976 6457 78 27 cette
1067 6452 73 31 folle
1154 6451 180 38 entreprise,
1344 6452 112 37 auprès
1470 6450 38 31 de
1520 6450 99 39 lsquel-

893 6498 30 31 le
937 6498 22 30 il
973 6497 104 32 devait
1093 6496 132 39 paraître
1240 6496 83 31 aussi
1338 6496 92 32 facile
1454 6495 183 33 d'atteindre

894 6549 40 24 an
950 6544 130 28 sommet
1090 6541 41 31 du
1144 6541 105 32 mieux
1264 6542 137 31 savonné
1416 6540 53 33 des
1496 6540 79 33 mâts
1598 6541 39 32 de

1690 207 138 33 ceilente,
1856 203 155 33 demande
2035 206 89 37 place
2138 203 78 30 dans
2233 203 136 30 bureaux
2385 202 31 32 di-

1689 253 79 27 vers,
1786 243 130 32 éorilure
1931 254 40 20 ou
1984 241 222 41 comptabilité,
2219 241 137 37 eainier,
2372 247 59 27 etc.

1731 282 172 33 S'adresser
1919 293 40 21 au
1972 283 118 32 bureau
2105 281 43 32 du
2160 281 136 39 journal.

1731 330 135 30 Homme
1881 328 109 37 marié,
2019 327 39 31 37
2085 335 67 26 ani,
2178 322 152 34 demande
2344 326 90 38 place

1690 369 39 31 de
1740 374 157 32 voyageur
1912 376 39 24 on
1965 366 116 40 emploi
2104 374 63 22 aux
2192 364 158 33 écritures.
2368 364 50 33 S'a-

1690 409 120 31 dresser
1826 416 40 21 au
1881 407 116 33 bareaa
2010 409 44 30 da
2065 405 135 40 journal.

1730 451 97 32 Jeune
1843 452 136 34 homme,
1997 451 83 34 aetif,
2106 449 130 35 lérieux,
2265 448 170 33 excellente

1695 490 185 33 imlruotion
1896 495 30 28 et
1938 493 163 38 diipoiant
2121 489 38 32 de
2173 496 47 22 ses
2237 487 196 39 après-midi,

1693 531 155 32 demande
1860 531 148 32 écriture*
2023 539 39 24 oa
2088 528 111 33 travail
2225 528 19 30 à
2270 527 77 32 faire
2362 528 73 33 chez

1693 570 57 31 toi.
1768 569 172 34 S'adrener
1956 579 40 22 au
2010 570 117 31 bureau
2144 569 43 30 du
2200 567 136 38 journal.

1723 621 90 26 Jeune
1825 622 120 30 homme,
1957 621 31 26 17
2009 627 59 24 ana,
2081 620 87 25 détire
2185 618 76 31 place
2285 618 33 25 da
2336 622 100 26 garçon

1694 652 69 25 dans
1776 654 106 24 maison
1896 653 168 31 bourgeoise.
2087 651 33 25 B.
2147 645 50 30 réf.
2225 648 154 26 S'adresser
2387 645 33 31 La-

1693 681 18 27 to
1715 689 31 19 sa
1748 691 27 24 u,
1788 690 37 19 au
1837 684 106 30 Pavail,
1955 689 35 19 en
2009 681 133 30 Amanlis,
2156 687 47 26 par
2217 680 94 25 Janzé.

1724 715 89 26 Jeune
1827 715 110 25 homme
1961 713 85 25 libéré
2073 713 37 24 du
2128 712 105 25 service
2246 709 128 27 militaire
2391 711 31 26 de-

1695 746 99 25 mande
1809 746 76 31 place
1899 750 107 20 comme
2021 749 100 27 garçon
2146 743 33 25 de
2192 742 105 25 bureau
2321 746 34 20 ou
2381 743 57 25 tout

1694 780 77 22 autre
1781 777 77 28 place
1881 775 151 26 S'adresser
2046 774 67 25 chez
2126 774 39 25 M.
2180 771 116 31 Louvel,
2322 771 40 31 10,
2375 775 64 30 irue

1695 807 34 25 de
1737 806 110 32 l'Aima,
1857 807 123 25 Rennes.

1727 839 107 26 Anoien
1861 837 126 32 employé
2003 836 103 25 bureau
2121 835 196 31 hypothèques,
2333 833 30 25 33
2379 840 59 26 ana,

1695 869 31 26 19
1740 876 48 18 ans
1801 869 129 30 services,
1944 867 135 26 demande
2095 867 100 31 emploi
2212 866 103 25 bureau
2335 870 34 20 ou
2381 872 57 25 gar<

1696 907 52 22 çon
1766 900 33 25 de
1812 904 125 21 reoettet.
1955 898 72 26 S'ad.
2044 898 66 25 ohez
2133 898 39 25 Id.
2199 896 146 30 Demeuré,
2362 898 77 31 plaoo

1697 931 201 28 Sainte-Anne,
1916 930 39 30 10,
1972 928 123 27 Rennet.

1731 966 118 25 Homme
1863 966 94 28 marié,
1968 965 167 26 excellentei
2146 964 162 27 références,
2323 961 119 33 pendant

1697 996 32 26 15
1742 1003 48 19 ans
1805 996 126 32 employé
1948 994 131 33 principal
2105 994 67 25 ohez
2192 998 196 26 entrepreneur
2409 993 33 26 de

1700 1031 115 21 travaux
1826 1028 117 31 publics,
1958 1026 175 26 connaissant
2143 1025 190 30 parfaitement
2347 1024 26 25 le
2388 1024 35 25 mé-

1700 1059 60 28 tier,
1773 1058 137 24 demande
1923 1057 102 27 emploi
2048 1057 66 24 ohez
2139 1055 305 26 ENTREPrtENEUR

1700 1096 37 17 ou
1747 1088 234 25 ARCHITECTE
2017 1087 171 25 Prétentions
2216 1085 133 26 modestes
2392 1085 38 26 Eo

1701 1121 28 24 M
1763 1120 24 25 B
1818 1119 87 28 Louis,
1916 1120 24 28 5,
1962 1126 48 19 rue
2028 1119 70 25 Font
2108 1117 196 25 aux-Foulons.

1731 1150 89 25 Jeune
1834 1150 120 30 homme,
1967 1150 31 24 22
2010 1155 58 22 ans,
2086 1148 100 25 devant
2199 1154 91 25 passer
2316 1153 35 20 au
2382 1154 46 25 pro-

1701 1181 81 25 chain
1793 1181 103 25 ccnseil
1906 1181 33 25 de
1956 1181 119 24 revision
2101 1178 136 26 demande
2257 1179 76 31 place
2346 1179 33 25 de
2394 1185 34 19 co-

1701 1214 66 24 cher
1801 1212 151 25 e'adrerser
1962 1209 152 33 horlogerie
2130 1209 102 31 Robin,
2242 1209 17 26 à
2271 1209 137 27 Loudésc,

1734 1244 89 25 Jeune
1851 1243 111 25 bomne
1993 1243 78 24 <béré
2101 1240 38 25 du
2165 1241 104 25 service
2309 1240 137 28 militaire,

1702 1274 152 30 comptable
1869 1274 69 24 dans
1954 1274 26 24 la
1990 1279 21 18 n
2030 1273 80 27 uine,
2127 1271 137 25 demande
2277 1272 103 30 emploi
2391 1276 56 20 aux

1703 1304 131 26 éeriturés
1866 1305 74 24 s'ad.
1957 1304 39 28 13,
2007 1315 7 13 <
2049 1303 26 25 ai
2088 1303 165 25 Lamennais

1734 1336 87 25 Jeune
1834 1335 111 26 homme
1958 1335 31 25 19
2010 1339 35 20 an
2067 1351 7 8 .
2104 1333 90 25 bonne
2219 1333 125 27 écriture,
2374 1332 73 26 dem.

1690 5069 144 32 oooagne,
1851 5068 59 31 que
1923 5061 38 31 de
1974 5061 106 37 gravir
2093 5068 41 21 un
2148 5057 131 32 esoalier
2291 5057 19 30 à
2324 5055 115 33 double

1690 5114 106 31 rampe
1811 5105 56 39 (1).

1730 5151 54 31 Sss
1814 5148 115 35 mains,
1965 5156 48 24 ses
2048 5147 112 31 coudss
2176 5148 30 30 el
2238 5153 48 24 ses
2316 5152 122 30 genoux

1690 5193 203 40 étreignaient
1909 5199 76 24 avec
1998 5199 61 25 une
2086 5191 165 39 puissance
2277 5190 105 30 inouïe
2408 5187 31 31 la

1690 5238 123 31 surface
1827 5237 84 38 polie
1922 5238 30 28 et
1964 5235 151 37 glissante
2130 5235 43 30 du
2189 5239 105 31 tuyau,
2310 5237 40 31 et,
2382 5239 56 31 par

1690 5290 60 24 une
1765 5282 79 30 suite
1854 5281 39 31 de
1907 5282 214 28 mouvements
2137 5278 80 31 lents
2230 5282 28 27 et
2275 5276 159 38 réguliers,

1690 5326 22 30 il
1730 5331 182 28 commença
1925 5323 33 31 la
1984 5322 72 39 plus
2081 5322 165 39 périlleuse
2274 5317 165 34 ascension

1690 5368 65 39 qui,
1773 5368 39 31 de
1826 5368 150 32 mémoire
1990 5367 168 31 d'homme,
2177 5373 32 24 se
2239 5365 60 31 (oit
2323 5362 113 39 jamais

1690 5413 159 32 effectuée.

1731 5454 119 32 Tandis
1865 5463 61 31 qae
1939 5454 63 32 oioi
2026 5463 32 22 sa
2072 5453 129 39 passait,
2218 5453 45 32 les
2278 5452 142 31 raisonne-

1693 5504 100 27 ments
1807 5499 43 31 du
1878 5498 215 32 «ommissaire
2118 5498 41 30 du
2186 5497 100 38 bagne
2315 5496 124 31 avaient

1690 5544 107 32 décidé
1811 5544 31 30 la
1857 5543 172 35 sentinelle,
2044 5543 91 31 sinon
2147 5543 18 27 à
2177 5539 104 31 ouvrir
2290 5539 32 31 la
2334 5539 103 38 grille,

1690 5596 35 24 et
1740 5596 60 30 que
1813 5595 33 21 sa
1874 5585 148 39 oonsigce
2052 5585 46 31 lui
2131 5583 157 33 défendait
2315 5583 106 32 absolu-

1690 5635 97 32 ment,
1804 5630 43 31 dn
1874 5630 102 31 moins
2002 5631 19 30 à
2049 5629 144 39 prévenir
2222 5628 151 31 l'odioier
2400 5627 39 32 da

1691 5675 116 32 service
1822 5674 222 31 commandant
2061 5675 27 30 le
2104 5678 97 34 poste.

1731 5713 57 33 Cet
1800 5713 130 32 offiioier
1943 5713 89 31 sortit
2046 5713 43 31 du
2104 5721 90 30 corps
2224 5712 37 31 de
2289 5711 150 43 garde_et

1694 5759 144 39 répondit
1865 5766 39 21 en
1937 5757 83 32 riant
2047 5766 40 21 au
2112 5756 224 34 commissaire,
2366 5756 72 37 qu'à

1693 5803 102 31 moins
1807 5800 118 32 d'avoir
1941 5802 54 30 des
2009 5800 77 31 ailes
2102 5800 28 31 la
2145 5800 98 37 formai
2256 5799 97 32 évadé
2367 5798 48 32 n'a-

1691 5846 64 31 vait
1768 5855 41 31 pn
1824 5846 139 38 pénétrer
1976 5844 79 33 dans
2070 5849 30 27 la
2115 5852 76 22 oaur
2199 5844 38 33 de
2251 5844 31 31 la
2296 5850 137 28 oaserne,

1691 5890 79 32 mais
1787 5889 137 40 qu'enfin
1939 5889 24 30 il
1975 5889 123 38 prenait
2114 5889 168 31 volontiers
2311 5895 52 22 snr
2392 5888 43 32 lui

1691 5935 182 30 d'autoriser
1886 5935 45 30 les
1948 5933 191 35 teoherohes,
2157 5935 28 30 et
2200 5939 60 31 qne
2289 5930 30 31 la
2343 5929 93 40 grille

1691 5978 89 31 allait
1794 5975 142 38 s'onvrir,

2052 6051 28 31 V

1730 6129 207 38 L'entreprise
1951 6129 38 32 de
2004 6129 181 34 Vaubaron,
2211 6136 79 22 nons
2315 6126 119 34 l'avons

1691 6174 57 35 dit,
1762 6172 74 31 était
1852 6171 164 39 périlleuse
2028 6176 85 28 entre
2127 6175 110 28 toutes.

1727 6299 39 34 (1)
1781 6298 33 30 Si
1830 6298 268 34 invraisemblable,
2114 6298 25 30 si
2154 6298 172 35 impossible
2341 6300 94 28 mAme

1689 6343 58 58 Îue
1755 6333 97 37 puisse
1867 6337 124 32 paraître
2006 6337 15 26 à
2036 6343 51 20 nos
2101 6333 120 28 lecteurs
2237 6333 137 30 l'évasion
2400 6335 35 30 de

1709 6378 51 20 ean
1776 6370 165 32 Vaubaron,
1958 6378 71 20 nous
2049 6377 124 21 sommes
2190 6369 158 35 cependant
2362 6371 72 27 dans

1691 6406 41 27 les
1748 6404 110 28 limites
1871 6405 34 27 de
1919 6405 30 28 la
1961 6405 65 37 plus
2041 6405 98 27 stricte
2161 6404 103 27 vérité.
2284 6404 40 28 Le
2352 6406 78 33 fond,

1690 6443 28 27 et
1733 6448 71 20 nous
1824 6441 150 34 pourrions
1987 6448 119 30 presque
2119 6438 113 35 ajouter
2261 6439 43 27 les
2330 6441 104 28 détails

1690 6477 34 26 de
1734 6477 80 26 notre
1826 6476 78 32 récit,
1917 6478 64 25 sont
1991 6476 246 35 rigoureusement
2248 6475 185 37 historique».

1690 6511 14 34 (
1720 6511 74 34 Voy.
1811 6510 41 27 les
1880 6510 126 37 Bagnes,
2031 6517 51 30 par
2113 6509 131 31 Maurice
2267 6511 110 35 Alboy,
2405 6520 28 27 p,

1689 6546 53 31 125
1754 6548 28 26 et
1801 6543 77 35 126.)

2486 202 76 31 plaça
2574 201 152 31 comptable
2738 209 37 18 ou
2789 201 102 30 emploi
2913 204 143 32 analogue.
3078 204 152 31 S'adresser

2489 235 102 21 bureau
2603 231 35 24 du
2654 231 122 30 journal.

2518 322 65 37 A
2613 333 117 30 no»
2767 325 437 50 Dépositaires

2532 385 104 35 Nous
2652 386 124 45 prions
2796 397 91 26 ceux
2904 389 44 35 de
2960 400 64 25 nos
3043 391 171 50 dépositai-

2489 438 57 25 res
2587 430 64 45 qui
2688 430 155 37 désirent
2883 436 155 34 recevoir
3079 436 155 37 /'Oueal-

2491 474 115 35 Eclair
2626 475 141 35 Illustré
2785 475 43 35 de
2846 487 89 26 nous
2954 480 167 34 adresser
3148 489 85 26 sans

2490 516 125 37 tarder
2646 517 78 37 leur
2753 522 217 37 cotimande.
2998 523 50 34 Le
3076 524 158 44 premier

2491 563 146 33 numéro
2643 606 6 11 (
2670 573 21 25 a
2712 574 97 33 paru
2848 566 31 34 le
2906 566 136 35 samedi
3073 568 48 32 16
3152 579 64 25 cou-

2490 609 94 31 rant.
2606 606 333 40 L'administration
2970 620 44 25 ne
3040 618 197 38 reprendra

2490 659 67 35 pas
2577 648 50 37 Us
2646 651 183 37 invendus.

2493 763 80 40 Oovs
2587 762 45 39 des
2640 763 100 40 lotions
2751 764 27 38 et
2789 764 157 46 obligations
2959 765 31 37 de
3002 767 27 37 li
3040 765 43 40 Oie
3093 768 31 38 de
3141 769 97 40 l'Ouest

2683 866 22 25 A
2718 866 38 24 La
2769 865 123 25 BOURSE
2906 866 40 24 DE
2961 868 90 21 PARIS

2574 900 44 32 du
2628 902 43 31 SI
2686 901 124 32 octobre
2830 912 43 21 au
2887 904 43 31 15
2943 904 126 32 octobre
3084 906 86 32 1801

2531 939 119 30 Actions
2670 941 33 28 de
2727 943 120 35 oapltal.
2936 943 72 30 Plua
3037 946 72 27 haut
3137 954 80 20 cours
3231 957 9 21 :

2496 974 79 34 1030,
2604 978 65 33 plua
2699 978 50 28 bas
2776 985 81 20 cours
2874 985 8 22 :
2911 978 79 34 1020,
3022 987 143 28 moyenne
3194 984 48 28 dsa

2496 1018 84 21 oours
2593 1019 120 27 moyens
2730 1020 7 19 :
2756 1011 77 30 1023.

2532 1045 99 38 Oblig.
2646 1048 15 27 8
2672 1048 47 32 oio
2789 1049 93 33 série),
2900 1049 162 34 jouissance
3085 1051 107 34 juillet.

2498 1081 72 30 Plus
2585 1083 72 27 haut
2670 1089 80 20 oours
2767 1090 8 19 :
2791 1083 52 26 «60
2857 1093 41 19 »».
2915 1084 66 34 plua
2998 1084 48 27 bas
3063 1094 79 21 oours
3158 1096 7 19 :
3181 1089 63 33 458,

2499 1124 144 26 moyenne
2655 1117 48 27 dea
2717 1124 81 20 oours
2815 1127 119 26 moyens
2952 1128 7 18 :
2974 1119 63 28 458.

2535 1152 98 35 Oblig.
2650 1152 15 28 S
2679 1152 48 33 010
2739 1153 38 32 (2*
2792 1154 94 31 série),
2903 1154 162 33 Jouissanoe
3080 1157 124 30 octobre.

2499 1186 73 30 Plua
2588 1187 71 27 haut
2673 1194 80 20 oours
2769 1195 8 19 :
2792 1187 64 34 456,
2874 1188 64 34 plus
2953 1188 50 30 baa
3031 1198 81 21 oours
3141 1200 8 18 :
3183 1194 61 28 454.

2500 1230 144 32 moyenne
2659 1222 48 27 dea
2722 1231 81 20 ooura
2825 1232 130 26 moyena,
2972 1225 61 27 455.

2535 1257 234 35 Oblig.2l[2oio
2783 1258 28 33 (2
2838 1259 81 32 s»rie)
2952 1259 163 30 louis«anoe
3142 1267 103 24 oet.—

2502 1291 72 31 Plus
2588 1293 72 28 hait
2673 1300 81 20 coors
2771 1302 6 19 :
2791 1292 63 33 410,
2871 1296 64 32 plus
2952 1294 48 28 bas
3015 1304 80 20 ooura
3112 1305 7 19 :
3137 1298 52 30 406
3202 1307 43 27 #»,

2502 1336 143 26 moyenne
2660 1328 50 30 dea
2724 1337 80 20 ooura
2822 1337 118 26 moyens
2957 1337 7 20 :
2980 1329 116 31 408.50.

2535 5048 50 37 En
2597 5055 83 33 effet,
2699 5061 40 22 au
2754 5056 137 27 moment
2904 5053 39 30 où
2957 5061 46 24 ses
3018 5054 98 30 force*
3130 5055 97 38 t'épui

2494 5099 145 33 «•raient,
2668 5096 40 31 où
2724 5096 148 31 l'haleine
2884 5096 46 31 lui
2944 5096 90 31 ferait
3048 5098 118 35 défaut,
3198 5099 41 30 où

2493 5141 30 31 le
2537 5143 117 38 vertigd
2669 5140 213 39 ('emparerait
2897 5140 38 32 de
2948 5140 54 35 lui,
3015 5140 22 31 11
3050 5150 39 22 ne
3102 5144 142 34 pourrait

2494 5193 31 22 (e
2542 5185 137 32 soutenir
2694 5185 18 30 à
2727 5185 78 35 rien,
2819 5185 22 30 il
2852 5185 163 31 tomberait
3027 5186 17 28 à
3057 5186 31 28 ia
3099 5193 143 25 renverse

2496 5238 52 20 tur
2563 5231 30 28 le
2607 5230 90 38 pavA,
2724 5232 30 27 et
2767 5229 21 31 il
2806 5237 32 24 (e
2852 5229 142 31 briserait
3009 5230 28 30 le
3053 5229 92 32 crâne
3161 5231 80 31 dans

2496 5281 35 22 ia
2546 5274 103 30 chute.

2535 5321 27 30 Il
2577 5322 30 31 U
2623 5321 111 31 savait.

2535 5369 45 32 De
2595 5369 131 32 seconde
2740 5376 39 24 en
2796 5369 131 32 seoonde
2948 5369 24 31 il
2987 5378 32 24 le
3033 5369 130 38 répétait
3180 5379 8 21 :
3202 5369 38 33 Je

2494 5413 66 31 ▼aii
2577 5413 118 32 tomber
2709 5415 30 30 et
2754 5413 117 31 mourir
2934 5418 57 27 .el
3006 5413 171 39 cependant
3194 5422 47 21 te*

2494 5457 104 31 maini
2614 5465 39 24 ne
2667 5456 157 32 l&ohaient
2837 5464 59 32 pu
2910 5457 136 39 prise...
3077 5460 30 28 al
3131 5466 90 28 cepen-

2492 5499 76 32 dant
2582 5500 24 31 il
2621 5499 133 33 montait
2770 5502 149 35 toujours.

2531 5551 46 32 La
2591 5552 93 39 grille
2699 5556 112 27 tourna
2824 5561 53 22 inr
2890 5562 48 22 lei
2953 5554 111 39 gonds.
3093 5552 44 33 Le
3155 5562 65 21 com-

2493 5596 144 33 minaire
2652 5601 28 28 et
2695 5597 31 31 la
2740 5596 103 32 bande
2857 5597 53 32 des
2937 5602 107 34 agents
3070 5597 43 32 dn
3138 5597 103 38 bagua

2491 5639 93 33 firent
2600 5641 154 38 irruption
2769 5640 78 32 dans
2862 5641 32 30 la
2908 5649 84 24 eour.

2530 5692 46 32 Le
2590 5692 194 33 mécanioien
2798 5700 32 22 se
2857 5694 136 31 treuvail
3006 5694 81 31 alors
3104 5694 99 31 arrivé
3221 5694 20 30 à

2491 5735 32 31 la
2537 5735 131 32 hauteur
2685 5735 43 32 dn
2743 5735 133 39 premier
2889 5738 87 38 étage
2991 5747 7 25 ;
3024 5738 22 30 il
3072 5737 104 32 venait
3202 5738 39 32 de

2491 5780 162 38 parcourir
2667 5779 131 32 environ
2813 5779 28 32 le
2856 5779 72 32 tiers
2944 5781 38 31 de
2993 5781 30 30 la
3033 5780 139 32 distanoe
3184 5781 53 38 qui

2491 5824 27 31 la
2533 5824 136 38 séparait
2685 5824 41 31 du
2745 5824 66 34 toit,
2839 5824 80 30 mais
2944 5824 172 32 désormais
3142 5825 27 32 le
3184 5825 37 31 dé-

2490 5870 168 28 nouement
2672 5867 145 33 semblait
2833 5867 126 40 proche,
2976 5868 174 32 désormais
3177 5877 63 24 une

2491 5911 196 38 catastrophe
2724 5911 144 33 devenait
2902 5911 180 37 Inévitable,
3107 5922 52 21 oar
3194 5914 44 30 les

2491 5954 155 32 membres
2661 5955 97 32 raidis
2772 5956 44 31 dn
2830 5955 103 39 fugitif
2948 5955 44 31 lui
3017 5956 168 32 refusaient
3209 5957 30 31 le

2491 5998 118 31 ■erviee
2621 6007 7 26 ;
2655 6007 43 22 un
2722 6000 216 32 tremblement
2953 6007 137 24 nerveux
3104 6000 115 39 s'empa-

2490 6043 58 30 rait
2563 6041 38 31 de
2615 6046 65 26 tout
2699 6051 56 22 son
2771 6052 91 31 corps
2875 6052 7 27 ;
2913 6043 22 31 il
2960 6051 32 22 se
3018 6044 112 31 sentait
3152 6044 85 32 enfin

2489 6085 79 32 dans
2582 6085 243 39 l'impossibilité
2839 6087 129 31 absolue
2981 6085 39 32 de
3034 6089 201 35 poursuivre,

2489 6137 40 24 ne
2544 6129 99 31 fût-oe
2659 6137 60 30 que
2746 6131 138 37 pendant
2913 6130 148 39 quelques
3090 6131 144 38 minutes,

2489 6172 187 32 l'asoension
2691 6177 209 28 commencée.

2530 6224 26 32 Il
2569 6223 37 33 fil
2621 6229 145 34 pourtant
2781 6234 110 25 encore
2906 6235 44 24 un
2973 6227 138 32 dernière
3137 6230 83 30 tenta-

2489 6269 72 37 tive,
2578 6268 80 32 maie
2674 6278 131 30 presque
2820 6272 167 37 superflue.
3019 6269 83 32 C'est
3112 6272 19 28 à
3146 6273 90 37 peina

2489 6313 48 32 ■'il
2552 6313 112 32 réussit
2680 6317 18 27 &
2713 6313 128 33 a'élever
2854 6315 40 31 de
2908 6315 150 38 quelques
3071 6324 123 28 pouces.

2528 6365 56 33 Cet
2597 6366 90 32 effort
2701 6366 154 39 suprême,
2870 6367 111 33 inutile
2993 6376 41 24 en
3048 6376 183 30 apparenoe,

2487 6409 104 33 devait
2620 6418 125 25 amener
2772 6411 187 33 néanmoins
2982 6415 18 27 à
3026 6419 35 24 sa
3086 6410 80 33 suite
3190 6420 45 25 un

2489 6454 152 31 immense
2654 6455 139 34 résultat,
2811 6462 52 22 oar
2890 6455 168 37 Vaubaron
3083 6454 151 38 s'ape'çut

2490 6497 129 32 aussitôt
2633 6504 60 31 que
2709 6506 56 24 son
2781 6496 71 39 pied
2869 6497 92 38 droit,
2978 6508 41 22 au
3032 6498 64 33 lieu
3112 6498 39 31 de
3164 6497 56 32 flot-

2489 6544 45 30 ter
2546 6541 80 33 dans
2641 6541 30 33 le
2685 6541 72 33 vida
2770 6548 122 26 comme
2904 6542 24 32 il
2955 6542 106 32 l'avait
3084 6542 59 32 fait
3165 6542 69 37 jus-

3282 209 201 45 Obligation
3502 213 39 41 de
3568 215 32 39 II
3628 215 191 39 Compagnie
3839 217 39 37 de
3904 220 120 34 l'Oies!

3568 253 32 2 ■■
3630 253 190 13 VWIHJ/MJMIW
3839 253 39 7 «V
3904 253 11 7 1
3930 253 94 8 VBVOI

3322 268 59 32 Le»
3396 272 165 31 émissions
3576 272 229 40 d'Obligation*
3820 274 39 32 de
3872 276 31 31 la
3928 276 72 32 Com-

3282 309 115 38 pagnie
3424 312 39 31 de
3494 311 120 32 l'Oueit
3632 320 78 28 (ont,
3748 313 111 39 depuii
3892 318 135 38 quelque

3282 352 111 34 tempi,
3412 351 126 31 suivant
3552 351 30 30 le
3591 352 92 30 choix
3709 352 53 32 des
3787 361 236 31 souscripteur»,

3286 387 92 33 laites
3391 398 39 22 en
3446 390 198 39 Obligations
3659 391 19 30 3
3693 391 52 37 o[o
3776 402 40 22 ou
3843 402 39 24 en
3911 394 117 33 Obliaa

3285 428 79 31 lions
3380 429 18 32 S
3413 431 50 34 1)2
3478 429 65 37 0(0.

3325 468 58 32 Ces
3398 468 81 33 deux
3494 474 87 34 types
3596 470 38 32 de
3650 470 84 32 tltrea
3748 472 148 37 donnent,
3907 483 122 25 oomme

3285 508 187 39 placement,
3488 509 32 31 la
3536 509 100 32 même
3650 515 30 26 et
3703 514 154 38 oomplète
3885 517 141 33 sécurité,

3286 548 80 30 maia
3381 548 39 32 ila
3436 553 53 27 ont
3501 548 124 33 chacun
3638 549 54 32 dea
3707 557 167 33 avantagea
3904 563 125 31 propre*

3286 588 174 37 répondant
3470 591 18 27 &
3502 587 54 33 dea
3578 598 213 25 convenances
3803 593 185 33 différentes.

3327 626 34 32 Si
3389 626 63 33 l'on
3482 627 168 32 recherche
3669 631 30 30 le
3717 639 115 24 revenu
3867 637 102 28 actuel
4002 637 30 30 le

3286 666 73 31 nlua
3391 667 96 34 élevé,
3516 676 40 22 on
3582 669 152 37 préférera
3763 672 43 30 les
3836 671 195 40 Obligations

3288 706 17 27 3
3318 705 54 37 0,0
3385 706 74 31 dont
3474 705 142 38 l'intérôt,
3633 716 41 22 au
3698 711 177 35 nominatif,
3908 718 122 32 ressort,

3288 750 52 26 net
3354 745 158 38 d'impôts,
3524 751 85 27 entre
3624 746 19 30 3
3656 749 39 30 fr.
3707 748 40 31 10
3761 754 30 27 et
3816 750 18 31 S
3847 751 38 31 fr.
3906 750 40 32 20
3970 751 60 38 o|o,

3288 789 30 26 et
3331 785 77 30 dont
3435 787 28 28 le
3489 787 265 32 remboursement
3780 789 156 34 s'effectue
3960 801 74 24 avec

3289 833 61 25 une
3367 823 99 39 prime
3480 823 39 33 de
3531 826 38 30 35
3585 828 18 28 à
3614 826 40 32 40
3663 828 116 31 franoa.

3330 863 92 31 Aime
3438 868 67 27 t-on
3521 867 105 31 mieox
3639 866 139 33 sacrifier
3794 879 41 21 nn
3852 880 59 28 peu
3939 880 53 21 aur
4009 873 27 31 le

3292 913 117 22 revenu
3424 905 110 35 actuel,
3552 914 77 31 pour
3658 907 89 32 avoir
3772 917 40 22 au
3843 912 172 31 rembourse-

3292 948 84 26 ment
3391 952 63 22 une
3467 945 69 37 plus
3549 946 117 38 grande
3681 951 234 34 augmentation
3932 952 38 28 de
3985 959 34 20 ca-

3292 984 90 38 pital,
3399 992 39 21 on
3454 984 136 32 ohoiaira
3604 986 43 31 lea
3660 985 195 39 Obligations
3885 991 18 28 2
3921 991 47 34 I\2
3989 991 52 37 C'O

3293 1024 76 28 dont
3383 1023 143 35 l'intérêt,
3544 1030 50 26 net
3611 1026 156 37 d'impôts,
3787 1035 112 25 ressort
3927 1032 18 27 à
3971 1033 69 35 près

3294 1063 38 28 de
3347 1062 18 30 3
3380 1061 52 35 010
3445 1067 30 26 et
3500 1063 74 31 dont
3598 1065 32 30 la
3656 1067 99 37 prime
3785 1068 37 31 de
3848 1070 180 30 rembourse

3295 1104 86 27 ment
3396 1102 107 30 atteint
3513 1102 40 31 80
3567 1103 38 31 fr.
3631 1114 38 21 en
3692 1106 126 32 chiffres
3850 1109 105 35 rouds,
3983 1109 58 31 soit

3295 1141 30 31 le
3340 1141 177 38 cinquième
3531 1143 43 31 du
3587 1144 115 37 capital
3720 1147 102 37 placî.

3337 1179 89 31 Noua
3455 1183 165 37 rappelona
3656 1193 59 28 que
3744 1187 44 28 lea
3819 1187 223 39 souscriptions

3279 1219 1 39 j
3298 1225 70 25 aont
3381 1227 117 28 reçues,
3517 1231 71 21 sans
3604 1232 120 22 aucuns
3741 1226 85 31 frais,
3852 1235 70 22 soua
3939 1228 31 28 la
3983 1227 44 30 for-

3298 1267 51 22 me
3363 1260 193 31 nominative
3572 1272 39 19 ou
3627 1272 71 20 soua
3730 1265 28 30 la
3781 1266 99 31 forme
3906 1277 41 19 aa
3977 1276 52 28 por

3279 1298 1 44 i
3299 1302 77 31 t«ur,
3393 1298 77 30 dans
3483 1302 43 28 les
3552 1310 89 28 gares
3666 1303 37 30 de
3720 1312 7 21 :
3755 1305 136 35 Reuues,
3922 1306 56 30 Bel
3981 1311 61 31 ton,

3299 1337 104 39 Noyai
3422 1337 129 39 Acigné,
3598 1341 132 38 Rôtieri,
3780 1344 105 37 Janzé,
3934 1345 98 38 Corps

3294 5055 144 39 qu'alors,
3470 5056 132 38 reposait
3619 5066 52 21 mr
3686 5066 41 22 un
3745 5066 90 31 cerps
3850 5057 109 35 solide,
3989 5067 52 21 sor

3295 5107 63 22 nne
3373 5100 83 30 aréts
3470 5101 177 37 granitique
3665 5101 164 31 fortement
3843 5101 156 32 siillaate.

3335 5143 45 31 Ce
3394 5153 90 28 oorps
3501 5144 107 35 solide,
3640 5153 39 21 oi>
3711 5145 27 30 le
3754 5145 122 37 devine,
3895 5146 102 31 c'était
4012 5146 27 30 !e

3295 5187 113 31 cordon
3425 5187 217 31 architectural
3659 5187 86 32 taillé
3758 5189 79 31 dans
3850 5191 32 28 la
3896 5190 98 39 pierre
4009 5190 32 31 et

3294 5232 141 37 régnant,
3458 5231 119 39 d'étage
3593 5241 38 22 en
3646 5233 97 37 étage,
3761 5242 53 21 sur
3829 5237 81 27 tonte
3927 5233 31 31 la
3972 5235 50 30 lan-

3292 5283 97 30 gueur
3406 5275 52 31 des
3477 5276 163 31 bâtiments
3657 5277 37 30 de
3709 5277 30 30 la
3755 5285 136 22 caserne.

3333 5315 272 32 Immédiatement
3620 5324 39 21 au
3674 5316 110 30 dessus
3810 5316 37 30 de
3878 5316 30 30 la
3924 5316 58 32 tAte
3997 5316 43 32 du

3293 5357 104 38 fugitif
3410 5357 196 40 s'alignaient
3619 5361 44 30 les
3677 5360 141 34 fenAfres,
3829 5361 53 37 qui
3895 5360 143 32 n'étaient

3296 5401 86 38 point
3398 5401 169 33 dAfendues
3582 5413 54 30 par
3652 5404 53 31 des
3731 5404 151 31 barreaux
3913 5405 125 32 massifs

3292 5453 120 22 comme
3428 5446 93 31 celles
3536 5446 43 31 du
3594 5447 104 30 rez-de
3712 5446 162 31 ohaussAe.

3328 5487 161 33 Atteindre
3504 5499 60 22 une
3580 5491 39 31 de
3631 5498 48 24 oes
3716 5491 141 34 fenêtres,
3872 5490 99 32 briser
3998 5500 41 21 un

3291 5541 128 22 carreau
3430 5533 74 31 d'un
3520 5544 80 27 coup
3611 5535 38 30 de
3663 5535 94 37 poiog
3771 5537 30 27 et
3811 5543 33 21 se
3874 5536 163 37 préoipiter

3291 5577 18 28 à
3320 5576 180 37 l'inlérieur,
3514 5578 116 34 devint,
3645 5578 19 28 à
3671 5577 141 32 l'instant
3826 5580 109 35 môme,
3950 5578 90 32 l'idée

3289 5619 61 31 fixe
3365 5620 37 31 de
3416 5621 177 31 Vaubaron.

3330 5662 84 32 Avec
3430 5669 78 27 cette
3523 5665 180 38 incroyable
3712 5663 135 39 rapidité
3861 5667 39 30 de
3914 5667 105 30 raison-

3291 5713 126 26 nement
3430 5708 97 38 qu'on
3541 5708 64 31 voit
3619 5715 33 24 se
3674 5709 187 38 développer
3887 5711 78 30 dans
3992 5709 45 31 la*

3289 5751 216 37 intelligences
3521 5753 203 38 supérieures,
3756 5761 61 22 aux
3846 5753 110 32 heures
3984 5753 53 31 des

3287 5794 117 38 grands
3435 5796 105 38 périls,
3567 5794 27 32 le
3624 5796 194 32 mécanicien
3847 5805 31 24 se
3906 5797 46 31 dit
3978 5804 59 31 que

3288 5842 72 35 peut
3377 5839 61 31 être
3454 5841 28 30 le
3508 5843 109 34 tapage
3632 5839 52 38 qui
3711 5849 32 21 te
3769 5841 104 30 faisait
3900 5841 78 32 dans
4006 5841 31 30 la

3288 5890 73 22 OOM
3371 5883 209 38 empêcherait
3592 5883 178 32 d'entendre
3783 5885 30 31 le
3841 5884 81 31 bruit
3951 5885 70 30 révé-

3287 5927 99 30 lateur
3403 5928 37 30 de
3452 5929 30 27 la
3498 5928 77 28 vitre
3588 5928 107 30 volant
3706 5935 39 22 en
3756 5929 109 28 éolals.

3328 5969 26 31 Il
3370 5970 106 37 ajouta
3500 5970 74 38 qu'il
3601 5972 128 35 pouvait
3751 5970 87 31 aveir
3867 5972 28 30 la
3919 5970 118 33 ohanca

3287 6013 169 39 inespétée,
3472 6022 78 31 pour
3566 6022 59 31 peu
3639 6025 60 28 que
3713 6017 30 31 le
3763 6017 115 30 hasard
3893 6015 31 31 le
3948 6015 70 31 favo-

3287 6057 84 35 risât,
3389 6058 162 31 d'envahir
3566 6066 60 24 une
3645 6059 86 39 piâoe
3765 6059 119 30 déserte
3899 6067 40 21 an
3972 6059 65 32 lias

3287 6100 38 31 de
3339 6102 126 34 tomber,
3483 6102 83 32 ainsi
3581 6111 60 30 que
3656 6105 66 27 cela
3738 6102 145 31 semblait
3913 6103 109 35 probla

3286 6144 59 31 ble,
3361 6152 41 22 an
3417 6145 110 30 milieu
3541 6145 96 30 d'une
3650 6145 164 30 ohambrée
3828 6144 38 31 de
3896 6146 133 28 soldats.

3326 6188 169 32 Galvanisé
3510 6197 57 31 par
3595 6197 50 24 oes
3659 6189 118 38 espoirs
3797 6189 150 31 soudains
3965 6195 31 27 et
4013 6201 14 20 s

3288 6231 240 39 complètement
3561 6233 190 35 inattendu»,
3788 6230 168 34 Vaubaron
3984 6242 33 22 ac-

3287 6276 130 38 complit
3431 6286 44 22 un
3490 6281 67 27 leur
3573 6276 38 32 de
3624 6276 83 31 force
3722 6283 60 30 que
3795 6278 46 30 les
3859 6279 70 35 plus
3945 6279 73 30 illus-

3287 6325 58 27 tres
3358 6322 261 37 gymnasiarques
3650 6320 162 32 modernes
3829 6320 203 33 refuseraient

3285 6365 100 31 même
3400 6365 167 39 d'essayer.

3324 6409 80 32 Suis
3419 6412 87 30 autre
3521 6409 86 41 point
3622 6406 128 40 d'appui
3777 6417 60 30 que
3863 6410 30 32 le
3915 6410 115 31 cordon

3283 6452 38 32 de
3334 6452 103 39 granit
3454 6462 52 22 snr
3520 6452 99 39 lequel
3635 6451 177 39 s'appuyait
3828 6462 43 22 un
3899 6455 66 32 iiol
3991 6454 39 30 de

3283 6506 47 24 ■es
3347 6497 87 38 pieds
3448 6503 31 26 at
3490 6496 77 33 dont
3579 6497 22 31 il
3626 6504 34 24 sa
3687 6497 94 30 servit
3808 6506 123 24 oomme
3952 6497 74 31 d'un

3265 6530 1 51 I
3283 6541 157 40 tremplin,
3456 6541 24 33 il
3495 6542 106 32 bondit
3613 6541 39 33 de
3665 6542 137 32 manière
3815 6543 18 28 à
3844 6542 92 31 saisir
3950 6549 74 25 avec

4077 237 103 34 Nada,
4199 239 156 38 Marlignô
4371 241 170 35 Farchaud,
4557 243 46 31 L«
4624 243 142 33 Gaercbe
4780 247 38 31 de

4080 276 162 37 Bretagne,
4278 279 161 37 Arpeniré,
4478 282 206 37 Bonnemain,
4716 285 81 32 Mont-

4080 318 58 28 fort
4155 318 155 34 inr-Mea,
4329 320 96 33 Vilrô,
4443 320 187 41 Comboarg,
4650 324 167 37 Ploèrmel,

4080 356 145 35 Maaroa,
4267 359 87 30 Saint
4374 359 102 35 Mien,
4526 363 91 34 Bruz,
4664 365 154 34 Gaichen,

4082 396 105 38 Boarg
4202 396 227 41 deiCompte»,
4469 399 131 38 Même,
4648 404 170 39 Foageray,

4082 435 141 39 L&ngoa,
4240 435 146 40 Avenac,
4408 439 118 34 K»don,
4558 443 194 32 Maataubaa
4767 444 53 31 do-

4084 470 161 43 Bretagne,
4264 476 145 39 Canlnei,
4435 480 96 33 Plêné
4546 480 112 43 Jogon,
4690 483 120 33 BWPUI

4084 515 248 38 Châteaaboafg.

4096 5081 47 22 lei
4160 5074 79 31 deux
4256 5074 100 32 maioi
4372 5076 27 30 ie
4426 5075 107 31 rebord
4560 5076 150 31 extérieur
4737 5074 39 32 de
4805 5075 32 31 la

4097 5119 113 30 croiiée
4228 5120 53 37 qui
4297 5126 31 22 ie
4344 5120 131 28 trouvait
4491 5128 39 20 au
4547 5120 106 30 dessus
4670 5119 38 31 de
4723 5120 56 28 lai.

4137 5163 26 30 11
4178 5172 21 28 y
4217 5164 130 37 parvint,
4367 5163 21 30 il
4404 5163 46 39 l'y
4465 5172 193 28 cramponna
4671 5173 7 25 ;
4700 5172 47 20 lei
4767 5172 56 20 cou-

4096 5206 52 31 des
4165 5209 222 35 remplacèrent
4404 5217 45 20 «es
4468 5207 111 35 mains,
4610 5217 56 20 son
4695 5207 87 30 boite
4809 5216 32 21 ie

4096 5256 107 24 trouva
4218 5250 161 32 forlemenl
4395 5256 128 25 soutenu
4540 5261 52 21 sur
4607 5261 47 22 lei
4671 5251 81 31 deux
4768 5250 70 31 bras

4095 5295 189 34 arc-boutéf,
4311 5298 28 27 el
4362 5294 84 32 enfin
4462 5296 21 30 il
4499 5296 89 30 allait
4602 5296 97 30 briier
4714 5303 44 21 un
4770 5303 53 20 car-

4095 5347 72 21 reau
4183 5339 104 37 quand
4304 5337 20 31 il
4341 5339 162 38 t'aperçut,
4533 5348 74 21 aveo
4633 5347 60 21 une
4721 5337 117 32 ivreue

4094 5383 71 37 plui
4188 5381 91 32 facile
4305 5383 17 28 à
4348 5383 203 38 comprendre
4574 5382 71 39 qu'à
4669 5382 169 38 exprimer,

4094 5434 59 30 que
4167 5426 31 28 la
4213 5426 115 32 fenêtre
4343 5427 73 30 était
4429 5427 215 31 entrouverte.

4134 5470 26 28 Il
4178 5469 122 31 l'ouviit
4315 5473 65 27 tout
4394 5473 18 26 à
4427 5470 54 30 faii
4500 5473 35 27 3t.
4561 5479 12 19 «
4586 5470 149 35 efforçant
4749 5470 37 30 de
4802 5478 38 21 ne

4094 5520 56 30 pas
4163 5512 77 32 faire
4256 5513 28 31 le
4299 5515 69 35 plui
4384 5516 80 34 léger
4491 5513 91 35 bruit,
4598 5513 22 30 il
4637 5513 144 31 escalada
4811 5513 31 32 le

4094 5557 107 31 rebard
4217 5562 28 25 el
4259 5565 33 21 ta
4304 5558 96 38 glina
4416 5558 77 30 dam
4509 5557 187 31 l'intérieur.

4133 5601 44 31 Ce
4192 5602 52 37 qui
4261 5603 126 37 précède
4404 5602 97 31 l'était
4525 5602 129 31 effaotué
4677 5610 38 22 en
4744 5602 76 30 beau-

4093 5653 79 30 coup
4188 5646 99 30 moini
4304 5646 37 30 de
4355 5649 98 34 tempi
4465 5655 58 28 que
4545 5655 78 21 nom
4646 5644 71 32 n'en
4741 5654 96 22 avoni

4093 5688 60 31 mil
4168 5689 18 28 à
4201 5691 28 28 le
4245 5694 149 25 raconter.

4131 5732 27 30 A
4174 5733 141 31 l'instant
4330 5734 94 37 plécis
4440 5733 38 30 »ù
4498 5733 164 31 Vaubaron
4682 5733 103 31 venait
4800 5734 37 31 de

4091 5777 195 38 disparaître,
4303 5778 31 28 la
4348 5777 124 31 ooborte
4488 5777 37 32 de
4541 5785 47 24 iei
4626 5780 210 34 persécuteurs

4091 5820 159 38 atteignait
4266 5822 180 30 l'extrémité
4462 5823 31 28 la
4506 5823 70 35 plai
4593 5823 119 30 reculée
4739 5823 38 30 de
4805 5823 31 28 1m

4091 5872 73 22 ooar
4178 5869 28 26 et
4222 5870 43 26 lei
4281 5867 110 30 clarté»
4406 5865 198 31 tremblante*
4633 5865 53 30 dei
4717 5867 119 28 torche»

4091 5909 210 31 illaminaient
4322 5910 30 30 la
4380 5910 109 35 fsçade
4515 5910 116 31 entière
4655 5909 123 38 jaiqa'â
4806 5910 31 30 la

4093 5954 130 28 hauteur
4237 5954 39 28 dn
4293 5954 155 28 troisième
4462 5954 98 37 étage.

4131 5996 59 31 Cet
4230 5999 104 27 luer.rs
4375 5998 178 37 passagère*
4609 5998 169 37 permirent
4817 5999 20 27 à

4091 6043 164 28 Vaubaron
4272 6041 38 30 de
4324 6040 171 37 distinguer
4511 6050 60 21 one
4597 6041 175 37 vingtaine»
4799 6040 38 31 de

4090 6086 61 33 lits,
4170 6086 109 34 rangés
4294 6092 38 22 en
4348 6084 58 31 ban
4422 6085 91 30 ordre
4526 6084 30 32 le
4583 6085 74 38 long
4683 6086 53 31 de»
4766 6093 46 21 mu-

4090 6130 104 30 raille»
4209 6129 92 30 d'nne
4316 6129 118 35 grande
4449 6130 96 37 pièce-

4128 6172 83 30 Tons
4226 6180 50 21 ces
4290 6171 51 31 lits
4357 6174 113 30 étaient
4486 6174 85 30 vides
4587 6177 28 27 et
4631 6174 124 34 défaits,
4789 6172 47 31 La

4089 6221 96 34 perle,
4201 6216 139 30 donnant
4356 6219 89 28 aooè»
4459 6217 79 30 dan»
4551 6227 43 20 nn
4609 6216 138 31 eo'ridor
4766 6219 65 28 mal

4088 6261 112 30 folâtré
4214 6268 54 28 par
4298 6269 43 22 en
4369 6262 149 37 quinqaet
4547 6261 137 32 famenx,
4727 6261 106 31 reitail

4087 6305 172 34 largement
4272 6311 135 26 ouverte.

4127 6346 44 33 Ce
4185 6348 145 34 désordre
4345 6351 171 38 s'explique
4541 6350 189 31 facilemsnt.

4277 6513 14 11 .
4646 6491 31 32 A
4693 6500 99 24 tmvrê

4419 3744 196 35 Impf'm-ri*
4641 3744 163 33 Bretons?,

4486 3798 20 26 t.
4695 3800 150 30 RfUlxiT.

65 1427 103 34 Elude
189 1428 39 32 de
250 1428 46 32 M'
314 1427 168 37 PILLET,
497 1427 119 33 notaire

209 1467 19 32 lt
246 1469 224 34 Questemberl.

102 1545 478 73 ADJUDICATION

67 1639 45 32 Le
125 1641 104 30 Mardi
257 1641 18 30 3
306 1641 168 28 Décembre
494 1638 86 34 1901,
598 1641 18 28 à

106 1681 18 28 1
146 1682 102 32 heure,
263 1688 39 22 en
318 1680 113 30 l'élude
457 1682 28 27 el
511 1688 57 28 par
588 1680 27 30 le

105 1720 162 31 ministère
281 1720 37 31 de
333 1719 45 31 M'
398 1719 103 33 Pille»,
516 1717 83 31 notai-

105 1767 33 24 re
164 1760 19 30 à
213 1759 226 35 Queitemberl,
475 1759 53 28 dei
547 1759 45 28 Im-

105 1799 137 31 meubles
257 1799 137 38 ci-apiès
410 1801 204 34 appartenant

104 1839 20 32 à
138 1838 46 32 M.
200 1843 30 28 et
244 1838 85 32 Mme
346 1838 43 32 Le
398 1838 77 31 Vue.

66 1891 84 32 Ville
164 1892 39 31 de
217 1891 214 35 Questemberl
452 1890 100 39 (plaoe
574 1890 40 31 du

146 1931 130 31 Mtrcbé
288 1939 60 22 anz
364 1930 171 37 Moaiom).

244 1980 138 32 Premier
397 1980 41 30 lot

104 2024 130 32 L'Hôtel
250 2026 43 28 du
308 2023 193 34 Commeroe,
529 2031 64 21 com-

66 2072 130 31 prenant
222 2073 11 22 :
261 2073 40 21 au
330 2072 48 22 riz
393 2063 92 31 de-cb
496 2066 116 32 *ussée,

66 2106 78 30 salle
157 2106 20 28 à
191 2112 139 30 manger,
345 2104 76 30 «aile
436 2102 38 31 de
489 2102 125 35 billard,

64 2145 79 34 calé,
161 2144 120 31 cniiine
294 2147 28 26 el
338 2143 80 31 deux
432 2143 130 31 écurie».

105 2183 51 31 Au
168 2183 133 40 premier
326 2184 99 37 étage,
444 2181 48 30 >ix
508 2181 85 31 cham-

64 2223 80 33 brai.

106 2262 221 38 Dépendance»
345 2269 9 24 :
380 2261 21 28 2
429 2269 91 22 caves
540 2269 74 21 avec

64 2303 94 38 pnili,
177 2302 17 31 3
209 2302 146 38 grenier»,
386 2308 84 27 cour,
503 2301 110 31 remise

65 2347 27 27 et
107 2341 180 32 buanderie.

104 2381 80 32 Mise
200 2383 15 28 i
229 2382 69 37 prix
313 2391 7 21 :
335 2379 174 32 25.000
524 2380 38 30 îr.

222 2434 170 31 Deuxième
415 2434 43 30 lot

103 2479 180 37 L'Auberge
298 2479 41 30 du
359 2478 118 31 Cheval
501 2477 112 34 Blanc,

63 2522 89 28 toute
167 2522 17 27 à
200 2518 44 31 M.
261 2523 27 26 et
305 2518 86 31 Mme
406 2517 100 34 Dano,
524 2525 65 20 com-

63 2562 131 35 prenant
210 2568 9 20 :
234 2565 85 26 cave,
346 2558 18 28 S
379 2557 100 37 pièce»
496 2565 39 20 au
552 2564 47 22 rtz

61 2598 39 32 de
117 2600 158 33 chaussée,
288 2597 18 30 3
318 2597 161 30 chambres
495 2597 18 28 à
528 2596 71 31 l'éta-

60 2647 38 28 ge
112 2642 28 25 et
156 2639 122 37 grenier
289 2637 175 28 au-dessos.

100 2678 83 31 Mise
198 2680 18 26 à
231 2678 70 34 prix
318 2686 8 20 :
344 2675 40 30 5.
393 2673 94 32 000
501 2675 38 31 fr.

220 2730 172 31 Troisième
415 2730 43 28 lot

99 2774 53 31 Un
167 2773 224 38 Appartement
405 2777 85 26 entre
506 2771 105 31 l'hôtel

59 2818 31 28 et
118 2815 164 37 l'auberge,
321 2816 201 33 comprenant
540 2820 8 22 :
573 2820 39 21 au

59 2862 51 22 rez
125 2854 215 33 de-cbauss6e,
361 2854 155 35 magasin,
534 2851 63 37 peti-

59 2897 31 28 te
105 2895 77 28 salle
210 2896 28 27 el
262 2893 122 30 ouisine
398 2901 7 26 ;
423 2901 39 20 au
478 2890 133 39 premier

58 2936 99 33 étage,
188 2933 117 38 grande
333 2931 157 34 chambre,
519 2931 91 37 petite

59 2973 146 31 chambre
221 2972 132 31 derrière
367 2975 30 26 el
410 2980 41 21 uu
474 2970 136 33 cabinet;

58 3013 20 30 S
92 3013 109 37 petites
216 3012 163 31 chambres
394 3011 165 31 au-deisus
581 3017 32 25 et

58 3052 99 38 grand
170 3051 122 39 grenier

98 3091 83 32 Mise
194 3093 19 28 à
227 3091 70 38 prix
314 3100 6 20 :
338 3089 142 31 3.5D0
495 3090 38 30 fr.

220 3143 180 35 Quatrième
413 3144 44 28 lot

99 3188 72 32 Une
187 3188 128 31 Maisan
337 3188 37 30 de
402 3187 213 31 construction

60 3231 131 31 rtoeme,
209 3231 18 26 t
243 3228 67 31 l'est
326 3227 52 31 des
394 3227 216 38 dépendances

58 3269 40 30 de
112 3269 9 28 1
137 3268 92 30 Hôtel
243 3267 43 31 du
301 3267 193 32 Commerce,
524 3274 64 21 com-

59 3312 133 34 prenant
209 3317 7 21 :
234 3314 84 24 cave,
334 3306 19 31 3
367 3306 102 38 pièces
483 3314 40 20 au
548 3313 46 22 rer-

59 3350 39 28 de
113 3348 162 33 chaussée,
288 3346 19 30 3
318 3346 162 30 chambre*
496 3347 18 27 1
529 3345 70 31 l'éta-

59 3396 38 30 ge
106 3391 30 26 el
149 3387 132 37 grenier,
296 3394 74 21 cour
380 3385 135 31 derrière
529 3389 28 27 et
573 3393 40 22 au

60 3428 168 31 couchant.

99 3467 83 31 Mise
196 3468 19 28 à
234 3467 69 37 prix
320 3475 7 20 :
346 3462 138 41 2.500
500 3464 40 31 fr.

220 3519 185 38 Cinquième
413 3519 43 28 lot

100 3562 46 31 La
162 3562 106 31 moitié
278 3563 66 30 côté
358 3566 86 26 ouesl
457 3560 39 31 du
515 3560 96 39 grand

59 3604 117 39 Jardin,
193 3606 167 27 csutenant
374 3602 81 28 lia.
471 3599 51 31 50.

100 3644 83 30 Miw
197 3645 19 27 à
230 3643 70 38 prix
317 3651 8 20 :
344 3640 21 30 1
378 3638 107 32 .000
500 3640 45 30 frr

235 3697 22 27 S
275 3696 99 30 xième
393 3696 43 28 lot

100 3739 47 31 La
171 3741 105 30 moitié
305 3739 66 30 côté
385 3742 45 27 est
445 3738 40 30 do
513 3736 100 39 grand

59 3781 117 39 Jardin,
194 3782 165 28 contenant
374 3778 79 30 lia.
471 3776 50 32 50.

102 3821 81 30 Mise
197 3821 19 27 à
231 3819 70 34 prix
318 3827 9 22 :
345 3816 19 30 1
379 3816 106 31 .000
501 3817 39 30 fr.

711 1427 126 31 Faouilé
865 1427 39 31 de
932 1424 146 33 rtanians
1110 1423 110 32 loU!ei

670 1476 40 21 •a
724 1468 170 34 partielles.

711 1521 91 28 Nota.
873 1519 50 31 On
952 1522 70 33 peut
1050 1517 103 31 traiter
1181 1515 39 31 de

669 1564 54 35 gré
749 1561 18 27 à
783 1561 52 35 gré
850 1561 94 28 avant
971 1556 244 39 l'adjudication.

711 1619 80 28 Pour
822 1618 104 28 viiiter
950 1616 165 30 s'adresstr
1130 1615 18 28 à
1170 1612 46 31 M.

669 1662 28 27 et
718 1658 86 30 Mme
837 1657 44 31 Le
900 1657 78 34 Vue,
1004 1657 17 27 k
1046 1654 113 33 l'hôtel,
1189 1656 28 28 et

670 1706 76 28 pour
781 1702 67 25 tous
896 1700 102 25 autrei
1042 1694 158 37 renseigne-

670 1741 99 26 ments
784 1736 86 31 audit
900 1735 45 31 M'
970 1733 104 35 Pillet,
1087 1733 120 31 notaire

707 1776 79 32 3205
1102 1772 78 31 1-3

784 1841 37 72 A
854 1841 256 74 VENDRE

670 1932 124 32 POUR
806 1931 155 32 CAUSE
971 1932 47 28 de
1031 1929 188 31 DEPART

800 1994 58 20 r*R
873 1991 210 22 ADJUDICATION

673 2036 48 31 En
741 2035 125 31 l'Etude
892 2035 38 30 de
959 2034 47 28 M*
1035 2030 181 38 VIGOUR,

707 2076 119 31 notaire
859 2076 17 26 k
912 2072 233 34 Saiat-SerTan,
1189 2073 30 30 le

706 2114 96 30 Jtudi
839 2114 45 31 12
918 2111 169 32 Décembre
1116 2111 102 37 1901,

707 2156 18 30 2
741 2154 110 31 heures
866 2154 38 30 de
919 2152 220 37 l'après-midi.

757 2206 58 46 LA
874 2193 253 57 PROPRIÉTÉ

666 2284 31 30 de
711 2284 21 30 la
749 2282 85 32 VILLB
850 2281 115 32 LEHOIX
976 2282 53 37 près
1044 2280 67 31 Saisi
1128 2280 90 31 Servan

707 2334 213 35 Comprenant
947 2340 9 21 :
986 2330 123 30 maison
1134 2337 61 22 com-

669 2375 90 37 posée
791 2375 37 27 de
862 2372 38 30 15
934 2370 112 38 pièces,
1077 2369 137 35 remises,

667 2413 111 34 écurie,
798 2420 83 26 cour,
898 2409 104 38 jardin
1020 2420 6 25 ;
1044 2411 27 30 le
1087 2413 64 26 tout
1179 2417 39 24 en

670 2453 111 37 parfait
796 2454 72 32 état,
894 2452 64 28 clos
974 2450 38 31 de
1029 2458 85 21 murs
1142 2458 57 22 con-

669 2497 104 27 tenant
788 2491 40 30 63
844 2499 67 20 ares
927 2489 38 31 40
981 2489 163 31 centiares.

707 2532 113 30 Tontes
835 2530 133 30 facilités
996 2529 37 31 de
1049 2529 167 38 paiement.

745 2570 78 30 3236
1103 2568 77 30 I—s

670 2660 123 31 Bureau
815 2657 39 32 de
881 2657 171 33 placement
1078 2655 138 35 régional

705 2707 80 28 pour
827 2698 154 33 coiffeurs,
1025 2693 167 32 LEGUES-

707 2738 133 35 DRON,
860 2746 53 21 rue
928 2738 41 30 du
987 2734 175 34 Pré-Botté,
1180 2734 38 30 22

705 2780 17 28 à
742 2780 135 28 Rennes.

726 2830 83 70 ON
848 2830 319 70 DEMANDE

704 2924 28 31 A
748 2924 123 31 acheter
887 2924 18 28 &
926 2923 124 30 Rennes
1070 2930 39 20 ou
1130 2922 70 31 envi-

669 2974 81 26 rons,
778 2973 43 21 un
850 2962 103 32 Fonds
973 2962 38 31 de
1024 2960 139 32 Coiffeur
1180 2961 38 31 de

666 3005 80 31 deux
763 3006 17 28 à
796 3004 72 31 trois
896 3002 86 31 mille
1006 3002 115 28 francs.
1149 3000 52 31 S'a-

666 3046 120 28 dresser
802 3046 18 27 à
840 3041 45 32 M.
906 3040 307 33 LEGUESDRON.

666 3084 79 31 3236
1137 3080 80 30 2-4

671 3172 77 72 Vin
762 3180 130 30 roaçje,
943 3175 11 26 I
972 3171 241 41 gfr.l'hect.nn,

706 3216 61 27 ext.
781 3211 37 32 de
831 3211 85 38 qaal.
943 3201 12 43 I
972 3214 111 34 tfgare
1096 3210 118 35 départ.

700 3252 201 31 KnhantUiCD
908 3249 109 39 gratis,
1028 3249 185 31 PHYBER-

670 3292 92 35 KtsS,
787 3291 201 38 propriétaire
1004 3289 176 30 viticulteur
1200 3289 17 27 f>

669 3330 229 32 Tourarfeuilïe
925 3327 289 38 (Haute-Garonne)

808 3420 275 45 RELSURE

914 3481 54 30 ©t

707 3533 462 48 CARTONNAGES

789 3601 51 20 en
848 3595 91 26 ton*
950 3599 143 28 genres

670 3640 172 32 BOITES
880 3640 59 31 DE
978 3637 236 33 BUREAUX

735 3692 52 67 J.
848 3687 300 72 BAUDRET

672 3777 26 31 /,
719 3776 66 28 Rue
800 3775 35 28 de
849 3774 172 28 Bordeaux.
1043 3771 175 30 RENNES

667 3826 74 30 2711
765 3824 65 31 (prêt
841 3823 20 31 !e
870 3823 81 30 Palai»
966 3823 28 28 ds
1006 3822 102 33 Justice)
1128 3822 40 28 79
1181 3821 39 28 90

1355 1457 162 71 Dates
1554 1460 96 66 des
1688 1457 216 86 départs
1941 1457 98 66 des
2074 1456 490 87 correspondances
2600 1456 348 70 d'Outre-mer

1795 1619 120 33 POUR
1937 1620 79 32 LES
2039 1619 194 33 NAVIRES
2256 1618 215 33 SUIVANTS
2494 1628 9 25 :

2711 1622 208 33 Novembre

1391 1756 104 25 NOMS

1346 1808 47 26 du
1411 1808 116 26 NiTtrei

1655 1743 83 26 Force
1748 1743 104 26 Navale

1678 1782 15 26 à
1708 1782 119 32 laquelle

1622 1827 93 27 appart
1741 1822 24 25 le
1781 1821 102 26 Navire

1949 1743 170 25 Destination

1904 1782 172 26 àdonhier
2092 1788 73 20 aux

1923 1821 227 33 correapondano.

2193 1808 250 32 d'embarquement
2456 1793 7 41 I
2471 1805 38 25 du
2523 1808 58 27 port
2595 1806 136 24 d'embar-

2456 1831 8 32 I
2532 1838 131 30 quemwnt

2563 1730 83 25 Dates
2674 1730 34 26 de
2737 1731 182 28 l'Expédition

2587 1762 47 24 des
2647 1756 247 34 correspondances

2820 1824 34 26 de
2868 1825 77 26 Parii

1302 1938 128 26 Durant*

1635 1956 124 26 Division
1772 1955 98 26 navale

1654 1987 37 26 du
1713 1985 139 32 Paoiflque

1993 1951 89 27 Tahiti

1929 1983 63 26 vols
2013 1982 135 32 français*

2487 1970 110 32 Chaque
2619 1970 104 27 samedi
2769 1970 39 26 La
2812 1970 81 27 vaille
2902 1976 35 21 au
2942 1971 54 26 loit

1650 2141 106 27 Station
1768 2143 86 25 loaale

1669 2173 38 26 d»
1728 2172 110 27 Tonkin

1932 2151 53 26 Par
2000 2151 144 32 HaJpbong

1635 2493 124 26 Division
1775 2494 98 25 navale
1891 2480 9 43 )

1636 2525 34 26 de
1687 2525 187 26 Cochinehine
1890 2531 11 28 |

1302 2646 193 31 Triomphante

1298 2678 167 27 Torpilleurs
1493 2678 7 22 !

1330 2708 40 30 43,
1382 2708 31 26 44
1426 2712 26 22 et
1465 2708 30 26 58

1404 2683 61 18 eurs
1494 2678 12 30 S
1506 2678 25 30 5,
1559 2676 38 31 39,

1696 3035 116 25 Escadre

1635 3067 240 26 Extrême-Orient

1955 2395 168 32 Par-Salgoa

1969 2613 24 24 A
2006 2611 102 32 Saigon

2193 2744 69 25 Voie
2270 2743 26 25 d.
2304 2743 149 31 paquebots
2502 2754 38 26 Le
2568 2754 144 26 dimanchB

2184 2776 5 56 1
2263 2780 120 51 Brindîsi
2476 2776 15 56 S
2506 2776 17 56 4
2538 2776 125 56 aovanbre
2676 2786 59 26 1901
2783 2776 111 27 Samedi
2910 2779 85 22 matin

1955 3041 52 25 Par
2023 3040 102 32 Salgcn

1636 3402 126 25 Division
1774 3402 98 24 navale

1655 3432 35 26 du
1715 3432 139 31 Pacifique

1894 3497 7 43 I

1302 3543 107 26 Catinat
1891 3549 12 18 \

1302 3575 123 25 Internet
1638 3569 125 26 Divisioa
1775 3569 97 26 navale
1894 3568 9 27 i

1305 3607 93 22 Kanoe
1654 3601 92 26 Océan
1762 3600 98 25 Indien
1896 3602 9 22 >

1303 3637 135 31 Scorpion
1896 3637 11 24 1

1981 3411 124 25 Nouméa

1954 3582 178 33 Madagascar

2196 3539 70 25 Voie
2274 3537 26 25 d.
2307 3537 165 38 paquebots]
2480 3543 37 26 Le
2529 3542 32 27 10
2581 3543 34 24 de
2631 3542 106 33 «haque

2264 3569 118 30 français
2463 3563 9 37 |
2576 3575 70 24 mois

2261 3600 135 25 Marseille

2776 3574 230 26 Laveilleansoir

4122 685 272 74 PASTILLES
4402 687 354 74 PECTOWESk

4119 771 249 103 [FRERES
4378 829 15 32 d
4396 776 366 87 ePLQËRMELi

4489 892 60 22 Très
4560 893 32 21 ail
4592 894 81 20 icace»

4413 919 59 21 dam
4491 918 217 28 l'iaflasaz*,
4726 920 22 21 le

4413 950 125 25 Hhoœe,
4547 950 20 21 la
4576 951 171 22 Bronchite,

4410 981 11 20 l
4426 980 189 21 Knrouamon
4619 981 37 24 t,U
4663 983 84 21 Toux

4410 1011 170 27 chronique,
4590 1012 19 20 U
4618 1012 131 26 Fatigue

4494 1042 30 22 de
4535 1043 24 21 la
4576 1043 89 21 Voix.

4411 1096 111 21 Inufcru:
4530 1096 115 22 hinUiutti
4651 1096 96 22 Pastilles

4410 1122 48 17 dlnt
4466 1122 26 18 lu
4498 1122 73 20 princic
4572 1126 41 14 «'M
4619 1122 126 20 PïltrmjcJ»*.

4437 1170 9 21 i
4465 1170 53 21 défiât
4534 1172 38 21 4'»
4583 1170 98 24 krailain
4696 1173 50 26 locil,

4411 1201 73 21 «Ttjtr,
4492 1202 9 15 »
4508 1196 98 22 Plo«rmel
4623 1200 124 25 Virbihtn),

4463 1227 19 17 •a
4512 1228 13 15 U
4544 1226 12 18 II
4574 1225 2 20 :
4602 1225 5 20 1
4613 1225 41 20 '3O.
4677 1230 17 14 '.I

4423 1258 20 15 u
4453 1253 58 20 Frère
4521 1252 116 24 «NGËSILE
4648 1256 87 26 Jouph,

4410 1280 31 18 Mit
4448 1280 30 20 H
4489 1279 81 26 LAHAT,
4581 1281 163 25 Pk-iM'-tlu»,

4410 1309 48 13 oour
4469 1306 80 17 nrerolr
4561 1311 37 13 un*
4611 1307 50 17 bot'n
4671 1306 73 20 franco.

3366 1453 274 61 SOCIÉTÉ
3678 1441 346 73 GENERALE
4068 1442 493 74 NEERLANDAISE

3407 1526 19 15 *
3508 1526 286 26 ASSURANCES
3804 1532 45 18 sur
3863 1526 24 25 la
3899 1526 78 26 VIE.
3990 1538 26 5 -
4028 1527 168 26 RENTES
4215 1524 207 30 VIAGÈRES

3366 1558 138 32 Direction
3517 1559 137 38 française
3670 1571 8 17 :
3698 1563 105 33 26,
3826 1563 233 26 Avenue
4078 1563 33 27 de
4130 1563 228 37 l'Opéra,
4383 1565 176 27 Earls<

3595 1600 46 22 La
3661 1599 119 22 Société
3800 1600 90 27 opéra
3908 1606 37 17 en
3967 1600 119 22 Franco
4108 1602 105 27 depuis
4234 1603 97 22 1884.

3700 1639 283 24 COMPARAISON
4005 1641 72 22 DES
4097 1642 137 22 TARIFS

4167 1709 66 25 VIE
4254 1702 177 32 ENTIÈRE

4078 1739 148 27 aO'primes
4240 1746 65 14 avec
4319 1742 197 25 participation.
4547 1739 5 28 ;

4064 1770 109 22 Primeaaa
4174 1770 4 28 1
4180 1775 8 11 *
4194 1774 20 24 f
4218 1776 76 17 uturer
4298 1776 26 15 aa
4331 1772 71 27 capital
4408 1773 25 20 Je
4437 1772 93 25 10,0001

4127 1817 131 25 MIXTE
4273 1818 28 22 0E
4318 1818 48 22 20
4388 1817 83 25 ANS

4162 1852 66 15 avao
4244 1848 197 25 parttaipation.

4065 1872 63 22 Prime
4133 1878 40 18 «aa
4173 1872 4 28 1
4179 1877 8 9 *
4192 1877 21 24 p*
4218 1878 77 18 auirer
4302 1879 25 15 aa
4333 1874 70 25 capital
4411 1874 21 20 d«
4439 1872 72 25 10,000
4515 1873 13 24 f.

4045 1910 2 34 I
4106 1915 169 26 RENTES
4294 1910 210 31 VIAGÈRES

4084 1945 125 21 Immédiates
4220 1945 91 26 payables
4320 1945 193 24 trimestriellement.

4104 1972 60 21 Rente
4174 1978 47 19 pour
4227 1978 26 15 on
4261 1976 105 17 vertement
4374 1972 24 20 de
4404 1972 59 22 1,000
4469 1974 25 21 tr.
4546 1967 4 31 !

3406 2028 118 39 BaDQuier
3536 2028 32 34 de
3580 2028 22 34 la
3667 2034 13 26 :
3697 2026 39 34 LE
3755 2022 119 38 CREDIT
3894 2026 174 34 LYONNAIS
4084 2030 118 34 (Bureau
4215 2031 33 26 de
4263 2030 94 34 Pans),
4371 2028 19 30 à
4403 2026 124 34 Paris.

3302 2082 84 31 MM.
3402 2083 37 30 L.
3458 2083 209 35 FEAUGAS,
3690 2085 130 38 inapect.
3842 2086 157 30 divisionn
4019 2082 4 44 ,
4041 2086 50 34 24,
4113 2094 53 22 me
4182 2086 38 31 de
4234 2086 197 40 Strasbourg,
4450 2089 17 27 à
4483 2088 130 31 Nanl<»«.

3402 2122 38 31 E.
3455 2122 164 37 HEDOU,
3634 2125 150 31 directeur
3794 2126 191 37 particulier,
3999 2126 27 35 7,
4042 2134 53 22 ruî
4108 2126 301 38 Poullain-Duparc,
4423 2127 190 31 RENNES.

3461 2163 100 37 (2857)
4346 2166 115 32 10-12

3086 2262 1144 144 CARROSSERIE

3320 2422 236 48 TRÈS
3604 2425 387 47 SOIGNÉE

3123 2524 138 59 Grand
3280 2524 124 60 choix
3424 2525 52 58 de
3495 2525 190 60 Voitures
3715 2543 152 41 neuves
3887 2532 40 52 et
3947 2528 243 59 d'occasion

3314 2609 230 38 ECHANGE
3567 2611 60 35 ET
3654 2604 343 44 RÉPARATIONS

3085 2667 59 32 M
3148 2667 145 32 ■i«on
3327 2668 70 31 de
3435 2669 269 31 oonfianoe
3819 2670 133 30 Prix
3989 2669 246 31 modérés

3422 2752 37 52 A
3527 2753 380 53 VENDRE

3090 2829 28 40 1
3157 2828 141 41 beau
3322 2826 190 54 Coupé
3541 2829 54 41 et
3627 2830 37 39 5
3702 2830 262 52 superbe»
3987 2830 254 43 Landaus

3450 2885 65 22 —C
3587 2890 138 20 OCCASION
3763 2889 66 24 —C

3091 2943 280 57 EMERY,
3410 2948 184 40 carrossier,
3627 2944 32 45 3,
3686 2955 56 32 rue
3787 2948 38 39 de
3868 2947 110 43 Minai,
4023 2948 31 43 3,
4093 2947 149 40 RKftNKS

3164 2996 79 30 2447
4063 3000 117 30 33-38

3115 3070 237 46 OUVRAGES
3384 3071 47 46 de
3459 3071 151 47 MAINS

3129 3190 89 28 Non»
3229 3197 133 22 lommes
3376 3190 137 30 heureux
3522 3190 99 31 d'offn

3089 3229 19 30 à
3129 3233 87 27 noire
3239 3229 142 32 clientèle
3432 3229 53 28 La
3501 3228 112 30 Brode-

3089 3268 59 28 pie
3162 3267 206 38 Française
3422 3269 31 30 la
3467 3269 71 39 plui
3559 3269 83 32 belle

3092 3307 230 40 Encyclopédie
3333 3308 177 39 pariiienne
3522 3308 39 31 de
3570 3313 70 27 toui

3091 3348 43 30 lei
3164 3348 144 30 Travaux
3338 3348 38 31 de
3405 3348 102 31 maint
3536 3350 38 30 de
3609 3350 31 30 1»

3093 3386 137 37 Femme,
3249 3397 94 28 parue
3359 3389 18 30 à
3392 3396 33 24 ee
3441 3390 78 35 jour.

3131 3426 54 32 Cet
3203 3436 125 30 organe,
3347 3428 54 31 tiré
3423 3436 38 22 en
3483 3429 152 35 conleari,

3092 3472 99 37 parait
3220 3471 81 31 deux
3328 3471 58 31 fois
3412 3481 54 28 par
3496 3472 89 34 mois,
3612 3476 28 27 et

3092 3510 111 35 donne,
3220 3519 74 24 aveo
3308 3510 207 39 explioationi
3529 3513 110 30 cl?irei

3091 3567 28 28 et
3135 3563 145 38 préoiiei,
3296 3573 63 22 une
3386 3565 141 38 quantité
3552 3566 70 30 énor-

3091 3611 50 24 me
3182 3604 37 31 de
3259 3602 141 32 Modèlei
3430 3605 37 30 de
3496 3602 141 38 Crochet,

3091 3643 113 37 Tricot,
3221 3644 159 35 Broderie,
3398 3643 154 39 Lingerie,
3578 3645 43 35 Py-

3091 3696 175 30 rogravure,
3305 3687 141 32 Dentelle
3478 3697 61 22 aux
3578 3687 39 31 Fu-

3090 3739 105 26 «eaux,
3210 3736 70 31 etc.,
3299 3736 71 31 etc.,
3386 3736 28 26 et
3441 3738 61 25 ane
3530 3732 87 30 multi-

3091 3771 71 31 tude
3191 3771 37 32 de
3262 3771 91 38 petits
3381 3771 159 38 Ouvrage*
3562 3780 57 22 nou-

3092 3823 98 21 veaux
3206 3820 30 25 et
3249 3816 106 28 facil«»
3373 3824 59 22 qup
3451 3816 40 28 le»
3527 3816 111 30 Dama»

4290 2268 78 21 nom
4398 2268 93 22 avons
4526 2261 110 31 obtenu
4663 2261 72 39 qu'à
4765 2261 70 32 titra

4290 2298 122 35 d'essai,
4462 2300 275 32 l'administration
4791 2301 41 30 da

4291 2346 17 20 «
4326 2339 80 28 Petit
4426 2339 227 38 Photographe
4668 2349 14 18 »
4700 2340 78 31 fasse
4793 2348 43 22 un

4294 2378 145 31 service
4482 2379 135 38 gratuit
4658 2379 46 31 de
4746 2378 92 31 trois

4294 2418 92 30 mois
4402 2421 18 27 à
4435 2424 66 26 loui
4530 2428 76 21 ceux
4619 2420 37 30 de
4674 2428 54 21 noi
4746 2420 74 30 abon-

4296 2460 51 28 nés
4374 2463 27 26 et
4430 2460 129 30 leotenri
4576 2460 52 35 qui
4642 2469 38 21 en
4695 2461 98 28 feront
4808 2459 30 30 la

4294 2497 163 32 demande.
4524 2499 41 30 Us
4580 2504 174 25 trouveront
4769 2499 69 35 plu»

4294 2537 65 31 loin
4387 2548 43 20 un
4457 2538 60 30 bon
4546 2539 115 37 spéaial
4676 2538 74 38 qu'il
4775 2539 66 28 leur

4296 2577 105 30 suffira
4416 2578 38 30 de
4469 2578 152 34 découper
4631 2583 28 24 et
4670 2578 171 28 d'adressat

4296 2616 78 30 àM.
4393 2616 129 31 Charlei
4539 2616 194 30 MENDEL.
4772 2616 66 35 118,

4296 2663 52 22 ras
4364 2654 138 38 d'Assas,
4532 2659 19 27 à
4583 2657 96 33 Paris,
4696 2666 38 21 en
4756 2656 67 38 ajou-

4296 2698 65 27 tant
4377 2696 64 30 leur
4459 2705 72 21 nom
4559 2700 28 26 et
4615 2698 66 30 leur
4704 2696 136 34 tdresse,

4296 2744 39 21 ou
4349 2737 198 33 simplement
4563 2745 59 21 une
4648 2740 83 25 carte
4743 2735 38 30 de
4793 2737 34 27 vi-

4296 2776 65 33 rile,
4381 2784 76 30 pour
4480 2777 135 30 recevoir
4636 2776 204 31 latiilaotion.

4336 2819 87 31 Nom
4440 2829 97 21 avons
4551 2822 31 28 la
4596 2820 174 30 oonviotioa
4785 2829 58 28 que

4296 2861 59 28 rée!
4361 2861 116 30 cadeau
4487 2868 58 30 que
4557 2868 78 21 non»
4649 2861 118 30 laiiom
4785 2868 38 20 au-

4296 2900 156 35 jourd'hui
4480 2901 18 28 à
4526 2908 54 21 noi
4611 2901 128 28 licteurs
4776 2907 67 22 lera

4296 2940 143 37 apprécié
4455 2947 119 22 comme
4602 2939 24 31 il
4654 2940 144 31 convient
4813 2942 30 27 et

4296 2979 91 38 qu'ili
4403 2987 78 22 noui
4498 2982 125 26 sauront
4645 2981 53 34 gré
4713 2979 38 31 de
4765 2982 78 27 cette

4296 3018 165 31 démarche
4467 3019 83 31 faite,
4561 3027 76 20 nous
4650 3019 28 30 le
4688 3019 156 37 rèpàtonc.

4296 3058 78 31 dans
4393 3057 136 39 l'unique
4552 3057 52 32 bat
4635 3058 35 31 de
4700 3059 65 30 leur
4782 3058 61 32 être

4299 3098 87 31 utile.

4310 3172 176 38 Oflartparl
4499 3171 142 31 OUEST
4662 3171 156 31 ECLAIR

4348 3213 28 28 A
4387 3221 46 20 ee*
4447 3211 146 28 Abon.it*
4605 3215 30 25 et
4649 3211 143 30 Lecteurs

4478 3279 183 48 BON

4531 3339 77 26 pour

4323 3377 31 25 no
4368 3370 152 31 abonnement
4532 3372 93 35 gratnlt
4641 3370 27 31 de
4684 3370 57 31 trois
4757 3370 57 30 mois

4376 3428 31 27 se
4436 3419 83 37 PETIT
4547 3419 213 38 PHOTÛGHàPHS

4485 3488 170 26 JOURNAL

4335 3520 46 22 des
4394 3520 143 24 Amateurs
4552 3519 33 24 de
4603 3519 197 31 Photographia

4356 3550 175 30 Découperce
4546 3549 58 25 Bon
4617 3553 25 21 et
4667 3550 141 24 l'adresser

4324 3586 67 19 arec
4406 3587 63 18 nom
4481 3585 26 20 et
4519 3581 109 24 adresse
4644 3587 35 18 ou
4694 3587 52 18 une
4759 3582 52 22 sim-

4325 3611 43 33 ple
4383 3615 72 21 carte
4473 3611 33 25 de
4519 3612 90 28 visite,
4622 3612 17 25 à
4654 3611 35 25 M.
4708 3611 116 25 ocarias

3697 3083 39 20 ou
3750 3073 112 32 Jeunes
3880 3074 94 30 Filles
3991 3076 115 28 aiment
4135 3079 65 26 tant
4226 3078 17 25 à

3697 3113 77 31 faire
3807 3122 77 31 pour
3920 3123 87 21 orner
4044 3115 80 31 leurs
4165 3115 66 31 vêle

3698 3159 98 27 menls
3833 3163 39 21 ou
3905 3154 169 32 l'intérieur
4106 3154 37 32 de
4176 3155 66 31 leur

3735 3193 90 30 homt
3883 3193 89 31 Nous
3987 3195 174 37 ajouterons
4185 3202 58 30 que

3697 3240 33 24 ee
3743 3233 120 39 journal
3878 3241 38 22 ne
3928 3233 135 32 contient
4078 3233 33 32 ni
4135 3242 107 22 roman

3697 3273 32 30 ni
3752 3273 115 31 variété
3895 3273 38 31 de
3969 3274 133 37 quelque
4135 3278 107 26 nature

3698 3320 58 30 que
3771 3321 33 21 ce
3820 3312 69 31 soit.

3737 3350 63 32 Son
3817 3352 69 34 prix
3901 3356 45 26 est
3961 3352 37 30 de
4013 3352 17 30 3
4045 3352 38 30 fr.
4102 3352 72 30 l'an.

3698 3418 24 61 â
3737 3428 71 52 nos
3823 3416 172 64 abonnés
4016 3422 38 57 et
4071 3416 170 64 lecteurs

3736 3496 27 30 A
3776 3497 130 30 maintes
3920 3498 131 35 reprises
4069 3506 41 21 on
4126 3497 117 30 certain

3698 3536 126 30 nombre
3841 3536 37 30 de
3894 3544 53 21 nos
3960 3535 131 32 lecteurs
4101 3544 38 22 no
4148 3544 30 21 as
4191 3541 52 25 ont

3698 3576 152 30 demandé
3879 3576 38 30 de
3946 3578 65 28 leur
4041 3578 145 35 indiquer
4200 3585 43 21 un

3698 3615 59 31 bon
3770 3617 120 37 journal
3912 3615 268 38 pho:ogr&phique
4189 3624 35 21 au-

3697 3656 71 38 quel
3796 3656 39 30 ils
3867 3656 178 38 pourraient
4074 3656 169 31 demander

3698 3697 43 27 les
3761 3694 263 37 renseignements
4052 3699 30 26 et
4109 3696 132 30 conseils

3697 3735 74 30 dont
3785 3735 38 30 ils
3846 3739 52 26 ont
3921 3735 107 31 besoin
4056 3743 78 30 poor
4161 3736 80 31 leurs

3697 3774 187 37 opérations.

3739 3815 148 26 r>A«ir»nx
3925 3814 34 27 du
3994 3814 43 27 iei
4077 3814 149 27 iatiif*'r»

123 3904 761 124 RENNfcS
1054 3947 883 132 Compagnie
2118 3946 578 107 Linière
2862 3950 174 104 de
3176 3946 723 130 Bretagne

1376 4096 235 105 place
3261 4091 652 86 Saint-Sauveur
2563 4102 74 70 et

1599 4428 672 112 IMMENSE
2331 4423 1044 117 ASSORTIMENT

177 4576 384 63 OCCASIONS
601 4572 296 73 UNIQUES
935 4573 70 57 30
1042 4587 142 58 pour
1219 4576 129 52 cent
1382 4567 257 60 meilleur
1676 4564 229 60 marché
1943 4579 109 66 que
2069 4566 224 65 partout
2309 4560 253 58 ailleurs.
2595 4558 78 58 En
2695 4564 358 54 couvertures
3078 4558 70 58 de
3174 4558 150 58 laine
3341 4558 240 58 blanche
3615 4564 56 52 et
3707 4558 70 58 de
3803 4558 230 58 couleur
4152 4556 404 72 Couvre-pieds
4581 4561 263 52 cretonne

104 4665 56 52 et
177 4648 172 63 simili
373 4645 116 60 soie
595 4645 300 71 Carpettes,
926 4644 202 72 foyers,
1152 4642 286 58 descentes
1457 4639 70 57 de
1545 4638 112 58 lits.
1682 4633 168 74 Tapis
1870 4636 70 56 de
1959 4631 193 69 Table,
2173 4645 216 60 nappes
2407 4630 71 58 de
2497 4628 230 60 famille.
2752 4628 278 60 Imitation
3050 4628 234 74 parfaite
3301 4628 77 58 du
3397 4630 175 72 Linge
3587 4628 250 74 garantie
3855 4644 103 44 sur
3978 4628 229 69 facture,
4241 4631 178 54 nattes
4446 4628 70 58 de
4539 4625 175 60 Chine
4734 4631 105 52 etc.

1475 4731 202 70 Rayon
1746 4726 228 72 spécial
2049 4726 72 56 de
2204 4726 385 58 Couvertures
2663 4720 70 58 de
2799 4736 216 56 voyage
3084 4728 56 50 et
3202 4720 254 58 d'écurie

104 4830 298 84 Maison
514 4830 102 83 de
713 4827 406 83 confiance
1227 4826 348 84 vendant
1680 4826 574 78 extrêmement
2373 4814 161 79 bon
2626 4812 350 81 marché.
3281 4814 124 81 Au
3521 4826 403 98 comptant
4005 4815 48 83 5
4131 4818 133 106 0(0
4357 4818 482 106 d'escompte

704 4939 234 70 DEPUIS
984 4939 76 69 SA
1108 4936 367 70 FONDATION
1526 4933 78 70 EN
1659 4931 136 71 1881
1853 4930 74 70 LA
1974 4925 248 72 MAISON
2269 4925 34 69 A
2349 4924 343 72 TOUJOURS
2738 4916 222 78 FERME
3006 4922 471 72 ENTIEREMENT
3521 4925 175 71 TOUS
3742 4925 116 72 LES
3906 4928 379 70 DIMANCHES
