4996 6817
967 79 2903 472 LÛuest-Éclatr

109 429 30 196 (
262 404 84 132 5

109 581 39 47 \
162 568 286 60 centimes
452 579 19 50 j

4500 337 87 132 5

4396 498 296 67 centimes,

1656 608 344 60 JOURNAL
2076 600 410 71 QUOTIDIEN
2571 591 639 61 D'INFORMATIONS

967 686 6 141 !
1157 732 669 80 DERNIERS
1887 715 978 86 TELEGRAMMES
2928 712 171 71 DE
3162 709 176 74 LA
3393 709 319 72 NUIT

1422 862 399 48 BENNES
1945 859 66 50 4,
2048 859 158 40 Rue
2242 853 84 44 «Se
2360 854 66 40 la
2461 850 354 46 Ohalotals,
2852 844 50 43 4
3026 839 400 46 RENNES
3458 874 379 60 TÉLÉPHONE

4369 797 269 44 Vendredi

4251 870 44 37 22
4324 865 267 40 NOVEMBRE
4616 866 84 38 1901

92 879 46 46 S-
159 876 175 50 Année.
364 874 56 48 N-
456 874 92 51 830

267 1029 476 44 ABOHUEMEHTS
767 1044 12 28 :

643 1089 67 21 UnA»
765 1089 94 22 tlitolÊ
874 1089 106 22 TnltHoll

56 1133 291 28 DÉPARTEMENTS
359 1130 248 31 LIMITROPHES
632 1127 96 31 201.
776 1127 90 28 1-1.
908 1124 64 32 <»L.

56 1181 145 25 AUTRU
220 1178 288 27 DÉPARTEMENT#
523 1193 80 12 ....
628 1170 60 30 24
778 1170 53 30 14
908 1170 26 30 7

1064 1024 72 28 lent
1159 1030 26 20 et
1212 1018 48 39 çrt
1286 1024 125 24 touittut
1435 1015 27 31 Ix
1488 1012 151 41 Jtbxrtisß
1659 1011 37 32 il
1697 1011 22 30 il
1742 1011 53 28 et»
1819 1009 107 30 xbltsit

1026 1070 13 32 i
1062 1071 48 38 jg.
1131 1069 25 31 It
1179 1069 152 38 firicttnr.

1067 1120 73 28 g,eut
1175 1127 27 21 ce
1237 1116 46 38 qui
1319 1122 128 24 uortm
1874 1106 54 30 tttt

1026 1165 110 35 Ihtili
1156 1163 14 32 i
1194 1167 47 38 g>.
1265 1163 274 41 l'^hninistwttur.

1981 1044 311 45 EMMANUEL
2321 1026 322 57 DESQRÉISS
2669 1044 71 37 DU
2766 1035 120 44 LOU

2193 1116 247 32 Directeur
2465 1115 211 38 politique

2996 1006 57 38 gri
3081 1004 110 38 stiirci
3222 1011 54 21 BJU
3304 999 162 39 sffniufrû»
3496 999 64 32 iout
3588 998 233 40 rijmttttwwt

2960 1058 130 30 refusai.

3000 1122 53 35 Jts
3077 1117 163 32 manuscriti
3263 1126 53 20 nen
3341 1116 99 30 inst-rti
3464 1123 32 21 nt
3517 1115 63 30 sont
3602 1121 48 30 psi
3673 1113 110 31 rmiu».

3976 977 164 35 TARIF
4173 977 106 35 DES
4316 972 337 40 INSERTIONS
4678 984 13 25 :

3886 1026 194 31 ANNGNC3*
4102 1044 221 13 ........
4364 1022 65 33 30
4447 1031 177 24 CKNTIMM
4641 1031 43 21 LA
4696 1029 109 22 LIONS

3886 1067 197 28 RÉCLAMES.
4103 1083 222 13 ........
4368 1061 66 34 50

3887 1106 104 31 FAITS
4006 1107 130 28 DIVERS
4419 1101 11 34 1
4450 1106 119 30 FRANC

4029 1148 48 27 ON
4110 1146 142 30 TRAITE
4283 1147 106 28 AUSSI
4422 1147 26 27 A
4482 1143 162 31 FORFAIT

80 1307 72 41 lire
171 1310 19 38 à
210 1311 87 35 ielr*
317 1305 37 40 3'
372 1315 81 39 pige
478 1305 46 39 les
547 1303 164 41 Koifelles
733 1303 39 40 de
789 1302 30 41 il

156 1381 320 71 DERNIERE
537 1378 210 70 HEURE

3275 1264 74 30 bard
3366 1263 63 30 s'ea
3445 1261 96 35 pread
3563 1261 18 27 J.
3604 1260 46 28 M.
3674 1259 144 28 Caillaax
3834 1263 28 24 et
3876 1258 97 35 quitte
3986 1258 28 27 !a

3274 1303 120 31 Iribant
3410 1304 18 26 à
3445 1302 18 26 4
3481 1300 109 30 hautes
3611 1306 28 22 01
3666 1299 112 32 des»:»,
3795 1297 149 38 applaudi
3961 1304 52 28 par

3275 1344 146 35 quelques
3435 1339 91 31 amis.

3314 1381 45 31 M.
3379 1381 194 35 Doumergue
3594 1380 103 28 moste
3719 1378 81 27 alors
3817 1377 17 27 à
3849 1376 31 28 la
3894 1374 122 32 tribune

3275 1424 27 28 et
3318 1422 132 30 réolame
3465 1417 171 32 l'aHenlion
3653 1417 37 31 de
3706 1417 28 28 la
3751 1415 164 32 Chambra.

80 1511 344 136 Itaise
508 1507 315 158 Tactique

125 1710 72 34 Nos
216 1709 150 33 lecteurs
389 1709 96 32 n'ont
521 1715 60 34 pas
600 1708 54 30 été
673 1715 78 22 sans
771 1714 38 22 re-

81 1763 174 34 marquer,
278 1754 83 33 dans
405 1750 131 35 l'Ouest
557 1748 128 33 Eclair
719 1747 110 34 d'hier

83 1800 122 34 matin,
227 1807 67 25 une
313 1795 150 44 dépêche
500 1794 47 33 du
580 1792 229 35 Palais-Bour-

83 1845 67 33 bon
169 1845 46 32 où
230 1843 25 33 il
273 1844 52 31 est
341 1840 159 44 question
520 1839 43 33 de
581 1839 32 33 la
632 1838 191 32 discussion

84 1890 43 32 de
145 1885 188 44 l'emprunt
350 1884 132 33 chinois
494 1886 35 30 et
540 1883 84 33 dont
638 1880 33 44 je
686 1880 143 33 détache

84 1932 48 34 les
152 1932 91 32 deux
263 1931 142 40 phrase*
424 1926 116 34 finales
556 1935 12 26 :

129 1987 15 20 t
168 1975 48 34 M.
237 1974 130 38 Lasies,
390 1982 86 24 neus
496 1970 128 39 dit-on,
646 1978 20 24 a
693 1968 135 34 déclaré

86 2022 84 32 dans
191 2022 47 31 les
257 2016 149 37 couloirs
426 2015 84 45 qu'il
543 2023 43 25 ne
621 2015 119 32 votera
769 2022 59 32 pas

85 2066 32 34 le
137 2063 112 45 projet
280 2063 47 32 du
354 2061 286 44 gouvernement.
663 2056 27 34 Il
710 2060 118 40 espère

86 2108 116 37 rallier
222 2107 32 34 la
275 2106 111 34 droite
405 2108 20 31 à
461 2113 37 26 sa
517 2104 150 34 manière
697 2101 43 33 de
757 2101 74 34 voir

89 2159 34 28 et
144 2152 208 35 déterminer
371 2148 98 39 ainsi,
503 2158 60 34 par
583 2146 168 35 l'alliance
774 2146 59 32 des

90 2198 109 45 partis
230 2197 182 37 extrêmes,
439 2192 32 37 la
503 2192 105 34 chûte
640 2191 48 33 du
712 2190 100 34 minis-

92 2245 73 30 tère
184 2251 32 24 ».

135 2284 41 37 Si
195 2284 48 34 1M
259 2282 189 34 intentions
463 2281 41 33 de
536 2278 51 35 M.
608 2277 129 35 Lasies,
772 2277 43 33 dé-

92 2333 84 40 puté
203 2327 234 41 bonapartiste
469 2327 34 31 et
535 2321 220 37 nationaliste
788 2322 47 33 du

92 2374 98 38 Gars,
213 2374 77 32 sont
320 2370 79 33 bien
419 2368 98 34 telles
546 2366 105 45 qu'on
681 2375 87 25 nous
789 2365 46 34 les

93 2418 123 34 défiait
247 2417 85 32 dans
369 2415 91 31 cette
496 2414 79 32 note
612 2412 104 32 brève
751 2409 85 33 mais

92 2460 211 45 suggestive,
344 2458 90 34 celai
470 2458 43 32 de
540 2466 61 24 nos
634 2456 197 32 rédacteurs

92 2517 72 32 qui,
187 2507 99 40 après
305 2503 119 34 l'avoir
444 2511 100 32 reçue
572 2510 44 24 aa
637 2499 193 41 téléphone,

92 2551 44 33 l'a
156 2550 86 33 mise
262 2558 43 24 en
326 2548 107 32 forma
449 2555 87 34 pour
552 2544 31 33 le
612 2542 136 45 journal
781 2551 40 25 au-

92 2596 67 33 rait
175 2595 47 32 dù
247 2590 183 37 l'intituler
445 2600 12 24 :
477 2600 17 20 «
523 2587 102 35 Voilù.
645 2585 47 34 les
718 2584 119 35 béliset

93 2637 63 45 qui
168 2636 273 33 recommencent
459 2643 30 24 ».

138 2681 27 34 Il
184 2681 106 38 suffit,
314 2689 41 24 en
374 2679 96 38 eflet,
509 2676 129 34 d'avoir
664 2683 171 35 parcouru

94 2727 32 34 le
145 2724 268 45 compte-rendu
435 2721 182 34 sommaire
650 2721 59 32 des
745 2720 93 32 deux

97 2771 172 34 dernières
291 2771 137 31 séances
446 2767 43 32 de
509 2766 32 33 la
559 2764 172 35 Chambre
752 2772 87 33 pour

98 2812 226 45 comprendre
339 2820 67 34 que
426 2811 83 33 dans
529 2810 33 34 la
586 2807 193 34 discussion
800 2807 43 32 de

97 2859 188 43 l'emprunt
315 2856 132 34 chinois
481 2864 38 24 ce
550 2854 87 33 n'est
674 2862 60 34 pas
776 2861 66 24 une

97 2903 124 43 simple
261 2902 161 43 question
448 2900 43 32 de
522 2897 150 33 finances
710 2896 60 43 qui
803 2906 35 22 Be

97 2952 124 30 trouve
248 2947 150 41 engagée
418 2943 98 38 mais,
539 2942 87 33 ainsi
657 2950 67 31 que
756 2940 83 33 l'ont

98 2993 180 33 démontré
301 2988 293 34 lumineusement
614 2983 77 35 MM
737 2983 107 34 Ribot

99 3040 34 31 et
176 3031 389 39 Waldeck-Rousseau,
619 3028 32 35 le
691 3028 155 44 principe

98 3083 112 32 même
230 3079 46 33 du
298 3078 211 43 protectorat
529 3073 197 45 catholique
746 3073 43 32 de
809 3079 32 26 la

98 3125 132 34 France
261 3132 41 24 en
343 3118 319 39 Extrême-Orient,
697 3118 128 33 c'est-à-

100 3170 74 33 -dire
203 3169 59 32 des
282 3167 144 34 intérêts
446 3165 102 32 d'une
573 3161 275 44 exceptionnelle

100 3213 135 45 gravité
254 3214 47 35 et,
317 3210 84 32 dans
422 3219 67 24 une
503 3210 70 32 très
586 3208 93 43 large
692 3216 148 28 mesure,

104 3260 182 33 l'henneur
305 3255 43 33 de
366 3255 98 32 notre
483 3254 162 40 drapeau.

144 3301 52 34 De
216 3295 33 40 ce
266 3295 17 40 6
299 3295 132 40 intérêts
456 3301 34 28 et
515 3298 41 32 de
585 3299 54 30 cet
670 3295 113 32 lionne
794 3304 53 30 ur,

104 3347 60 32 des
183 3353 171 26 cerveaux
374 3341 109 44 grisés
503 3340 221 44 d'ignorance
739 3340 37 32 et
790 3339 60 32 des

104 3394 93 31 âmes
219 3389 193 33 déformées
431 3394 60 33 par
521 3384 32 34 le
586 3384 197 33 sectarisme
821 3383 31 33 le

105 3436 79 41 plas
206 3433 135 32 insenté
360 3431 152 41 peuvent
547 3429 84 33 faire
651 3428 67 33 bon
751 3437 69 22 mar-

105 3480 64 33 ché
183 3488 9 28 ;
214 3478 34 31 et
268 3484 87 25 nous
377 3483 105 25 avons
519 3483 47 22 vu
604 3476 174 30 comment
816 3470 31 33 le

106 3523 207 41 rapporteur
333 3520 41 32 de
394 3519 32 33 la
454 3517 220 33 commission
692 3516 45 33 du
757 3515 72 33 bud

109 3569 70 41 get,
210 3563 48 37 M.
300 3561 333 43 Gustave-Adelphe
666 3559 182 39 Hubb&rd,

111 3609 177 34 concevait
304 3608 32 33 le
351 3609 71 31 rôle
431 3607 43 33 de
487 3607 33 33 la
534 3605 131 35 France
676 3614 43 24 en
731 3602 117 35 Chine.

109 3656 96 34 Pour
223 3664 39 22 ce
281 3652 157 34 suffisant
459 3658 223 34 personnage,
705 3650 85 32 dont
823 3646 33 34 la

111 3699 176 43 vulgarité
313 3693 248 37 intellectuelle
594 3692 261 44 s'épanouissait

113 3744 142 33 surtout
280 3738 165 45 jusqu'ici
483 3739 85 33 dans
609 3738 48 32 les
692 3738 164 32 convents

115 3787 247 43 maçonniques
379 3787 37 30 et
431 3783 60 44 qui
507 3783 167 33 résumait
693 3782 87 41 jadis
795 3781 40 32 de-

113 3836 83 30 vant
216 3841 48 22 un
283 3829 174 33 auditoire
476 3829 43 32 de
541 3827 119 43 jeunes
676 3826 17 32 6
700 3827 60 32 lies
780 3828 78 28 tout

115 3887 63 24 son
202 3876 152 41 système
392 3870 220 34 d'éducation
648 3870 84 32 dans
765 3870 91 31 cette

116 3920 158 44 élégante
289 3915 150 35 formule
464 3925 9 24 :
503 3926 14 20 «
547 3912 306 39 Mesdemoiselles,

116 3966 204 33 faites-vous
335 3961 60 34 des
416 3960 129 34 cuisses
562 3959 7 33 !
589 3969 17 21 »
627 3967 89 34 peur
737 3966 37 25 ce
794 3966 43 33 po-

116 4009 139 35 liticien
274 4006 41 33 de
333 4005 59 33 bas
405 4007 100 41 étage
522 4004 84 34 dont
620 4004 32 33 la
667 4002 170 34 médiocra-

116 4055 48 33 tie
185 4051 263 44 parlementaire
475 4058 20 25 a
515 4048 110 34 réussi
653 4050 19 31 à
702 4045 84 34 faire
816 4056 45 22 un

118 4096 110 44 grand
257 4096 149 33 homme,
443 4093 33 34 la
507 4091 133 35 célèbre
671 4089 117 45 parole
816 4090 41 32 de

118 4140 189 37 G*mbetta
327 4149 8 22 :
359 4149 15 20 •
400 4135 340 38 L'anticléricalisme
775 4135 87 33 n'est

119 4195 63 34 pas
198 4194 46 25 un
263 4181 122 35 article
409 4181 254 43 d'exportation
685 4189 14 20 »
731 4188 43 24 ne
789 4188 57 22 cor-

122 4228 149 44 respond
289 4227 80 44 plus
381 4230 20 30 &
419 4225 115 34 l'idéal
548 4222 227 44 républicain.
791 4220 50 35 Ro-

123 4273 175 43 bespierre
335 4273 34 32 et
405 4269 139 35 Danton
586 4267 73 44 qui,
681 4278 70 22 aux
787 4266 80 44 plus

124 4317 158 35 mauvais
300 4315 97 43 jours
417 4315 41 33 de
490 4313 34 34 la
548 4312 163 39 Terreur,
732 4311 116 43 procla-

123 4364 130 32 maient
274 4361 32 33 la
325 4358 168 34 nécessité
516 4357 44 33 de
592 4356 185 34 maintenir
814 4356 37 32 in-

124 4409 90 32 tacts
242 4415 43 24 en
321 4401 309 35 Extrême-Orient
669 4400 48 34 les
755 4398 113 33 droits

124 4461 70 33 que
209 4457 86 25 neus
315 4457 22 34 y
358 4456 21 25 a
397 4448 155 33 conférés
579 4444 32 34 le
641 4442 227 43 Saint-Siège

126 4494 149 33 seraient
294 4493 222 33 eux-mêmes
529 4489 195 34 considérés
739 4498 64 33 par
817 4487 51 33 M.

128 4537 170 38 Hubbard
318 4545 133 26 comme
464 4535 60 33 des
540 4533 157 34 calotins.
711 4532 45 34 Et
772 4532 77 43 puis-

131 4592 71 34 que
217 4584 99 33 notre
333 4579 171 35 influence
523 4589 44 24 en
586 4587 54 25 CCB
670 4586 86 33 pays
783 4576 72 34 loin-

130 4629 102 35 tains,
255 4636 86 24 nous
374 4625 33 33 la
435 4625 142 34 devons,
602 4631 90 33 peur
729 4620 32 34 la
794 4619 79 43 plus

131 4671 128 45 grands
274 4671 90 40 part,
372 4677 69 26 aux
458 4668 162 34 missions
646 4664 224 41 catholiques,

131 4721 20 30 à
169 4724 56 25 ces
257 4713 266 43 congrégations
560 4720 69 34 que
660 4709 214 33 maudissent

131 4761 50 34 les
196 4760 93 33 doux
314 4757 130 33 Bexers
464 4757 34 32 et
520 4765 67 33 qae
607 4763 100 28 nous,
744 4754 113 32 francs-

132 4813 151 33 maçons,
305 4811 87 25 nous
406 4801 168 32 n'aimons
592 4807 59 33 pas
666 4799 207 40 davantage,

132 4850 291 33 montrons-nous
474 4845 209 41 héroïques,
732 4840 145 34 sachons

136 4892 97 38 faire,
259 4890 53 35 s'il
345 4899 43 25 en
406 4890 52 32 est
493 4887 131 38 besoin,
659 4886 32 34 le
728 4884 151 35 sacrifice

136 4939 41 31 de
197 4938 99 32 notre
314 4935 215 43 protectorat
548 4933 34 32 et
600 4931 59 33 des
692 4931 188 33 immenses

137 4983 184 39 avantages
359 4977 176 34 matériels
574 4974 85 44 qu'il
689 4983 90 26 nous
801 4983 60 33 pro-

137 5035 96 27 cure,
261 5023 86 34 mais
367 5022 43 33 de
430 5022 102 43 grâce
557 5021 7 32 1
587 5022 196 40 épargnons
815 5027 66 25 aux

139 5078 148 37 pauvres
306 5066 143 35 Chinois
468 5065 32 35 le
520 5066 120 40 poison
664 5065 59 32 des
752 5062 111 33 doctri-

141 5125 60 24 nes
221 5113 201 43 religieuses
441 5112 86 33 dont
550 5119 89 24 nous
666 5118 44 24 ne
738 5106 144 34 voulons

141 5159 80 44 plus
240 5166 89 34 pour
343 5157 240 33 nous-mêmes
601 5156 34 31 et
653 5153 130 43 périsse
804 5151 59 41 plu-

143 5205 52 33 tôt
210 5203 32 32 la
262 5199 143 39 France,
428 5199 87 33 mais
535 5207 67 34 que
624 5199 99 32 notre
742 5194 124 37 anticlé-

144 5245 174 37 ricalisme
337 5244 79 33 vive
435 5244 35 33 et
485 5242 175 44 triomphe
674 5242 53 32 1...

482 5298 87 38 ***

187 5356 104 34 Voilà
309 5355 32 35 la
360 5355 97 34 thèse
477 5355 41 32 de
535 5352 37 37 M
607 5352 169 34 Hubbard
796 5353 34 32 et
844 5350 41 33 de

144 5404 178 34 l'extrême
344 5399 133 38 gauche
497 5400 34 31 et
552 5398 81 33 c'est
653 5396 65 34 elle
737 5405 69 34 que
835 5394 48 35 M.

145 5443 392 39 Waldeck-Ronsseau,
595 5451 37 24 se
698 5441 193 32 souvenant

148 5500 87 35 pour
255 5489 169 45 quelques
444 5487 124 33 heures
600 5483 84 45 qu'il
716 5485 110 43 dirige
861 5481 32 34 le

148 5535 275 45 gouvernement
459 5531 84 34 d'un
580 5529 110 44 grand
731 5538 85 34 pays
854 5529 34 31 et

150 5580 85 44 qu'il
255 5588 77 24 sera
351 5574 219 45 responsable
594 5574 125 33 devant
748 5571 131 34 l'histoi-

152 5635 38 24 re
207 5624 41 33 de
265 5624 78 32 tout
363 5630 37 24 ce
431 5619 63 44 qui
522 5619 188 41 risquerait
739 5617 43 32 de
802 5624 70 25 com-

156 5670 190 41 promettre
366 5667 33 31 et
426 5662 224 34 d'amoindrir
669 5662 98 32 notre
785 5661 92 32 situa-

157 5714 73 33 tion
250 5709 170 45 politique
457 5711 19 31 &
513 5706 209 38 l'extérieur,
757 5702 53 34 n'a
837 5712 60 34 pas

157 5756 109 34 voulu
285 5754 85 33 faire
390 5753 129 32 sienne.

200 5800 54 34 Oa
270 5799 139 33 connaît
429 5806 60 22 son
508 5794 167 33 discours.
711 5792 96 34 Avec
831 5800 67 25 une

157 5845 188 43 élequence
364 5839 190 35 admirable
573 5841 34 32 et
626 5838 61 41 qui
711 5837 51 34 lui
776 5846 20 22 a
815 5835 80 34 valu

157 5891 111 32 d'être
286 5885 164 44 applaudi
470 5893 61 33 par
549 5882 51 34 les
619 5882 85 33 trois
723 5882 119 41 quarts
860 5880 40 33 de

158 5934 34 35 la
204 5931 185 37 Chambre,
415 5928 31 34 le
464 5927 177 44 président
660 5926 47 32 du
737 5923 128 34 censeil
885 5933 20 25 a

162 5979 110 41 vengé
291 5983 63 26 nos
372 5973 161 34 missions
562 5970 44 33 de
634 5968 138 44 l'injure
801 5968 104 43 qu'en

162 6022 76 34 leur
260 6019 93 35 avait
373 6017 94 39 faite,
489 6015 25 34 il
533 6014 80 34 e'est
633 6014 146 34 réclamé
809 6014 44 31 de
873 6011 32 34 la

165 6065 116 35 vieille
311 6061 164 34 tradition
508 6059 177 41 française,
719 6058 59 32 des
798 6057 109 33 droits

163 6107 126 46 qu'elle
307 6115 89 26 nous
411 6115 20 24 a
449 6105 163 33 transmis
631 6104 34 31 et
691 6102 59 33 des
770 6100 137 33 devoirs

169 6152 125 46 qu'elle
307 6159 87 26 nous
415 6150 132 41 impose
560 6149 35 31 et
614 6145 25 34 il
659 6145 86 34 n'est
767 6154 59 33 pas
860 6154 46 24 un

169 6198 150 44 patriote
339 6195 104 41 digne
469 6193 43 32 de
542 6200 39 25 ce
600 6200 80 25 nom
713 6190 60 41 qui
801 6198 41 24 ne
875 6197 35 24 se

170 6244 97 31 sente
281 6239 61 34 fier
360 6246 90 35 ponr
470 6246 59 24 son
549 6244 86 33 pays
654 6234 60 33 des
746 6234 105 32 mâles
872 6234 34 30 et

169 6286 226 44 vigoureuses
436 6279 132 45 paroles
611 6280 211 41 prononcées
872 6285 39 24 en

170 6332 91 32 cette
281 6328 234 33 circonstance
530 6332 60 34 par
611 6322 31 34 le
660 6322 77 34 chef
757 6322 47 33 du
823 6330 66 33 gou-

174 6373 202 34 vernement
394 6378 12 28 :

211 6456 167 28 Mtwiran,
407 6459 71 20 nou
507 6458 90 21 ITOBI
620 6457 57 21 OM
705 6448 128 30 hiitoire,
848 6454 69 20 nooi

176 6500 90 22 avosi
281 6489 98 37 apprit
394 6496 50 27 par
459 6487 33 26 d*
517 6489 64 32 trop
609 6493 99 27 gwu
737 6483 181 34 «xpérUnrM

177 6537 38 24 qu
227 6530 20 24 i)
313 6524 78 27 «nffit
406 6530 48 27 pu
476 6522 126 35 toojocn
619 6520 32 27 de
666 6529 35 18 n«
718 6520 79 27 toibt
813 6519 91 27 déorol

177 6570 43 21 ire
235 6561 97 35 qaand
353 6562 63 27 toat
444 6557 26 30 1«
496 6556 104 30 inonde
627 6550 116 40 grandit
770 6557 103 24 »ntonr
887 6554 33 26 d«

880 1300 70 18 DÛO«
977 1291 80 33 (Très
1074 1291 63 26 bien
1152 1289 6 27 1
1175 1293 58 22 trêa
1258 1289 65 26 bien
1336 1286 20 32 1)
1371 1287 54 26 Pa»
1443 1286 63 33 plai
1521 1293 37 25 qn
1572 1293 31 18 an-

879 1336 56 19 oun
951 1328 100 33 peaple
1063 1326 33 26 de
1110 1324 132 33 l'Europe
1258 1331 69 19 noa»
1343 1323 118 27 n'avon»
1478 1329 37 25 pa
1534 1324 81 22 reatei

879 1363 141 26 enfermé»
1032 1362 71 26 dan»
1119 1368 50 18 DO»
1183 1358 149 27 frontières
1345 1359 27 24 et
1388 1357 66 26 a'eat
1468 1364 34 19 an
1519 1356 100 27 dahon

880 1397 37 27 do
932 1397 87 26 viecx
1033 1396 149 27 continent
1198 1402 54 26 qne
1280 1402 69 19 BOUS
1365 1400 89 20 avon*
1469 1391 119 27 obercbé
1604 1390 17 28 &

881 1441 70 20 ■ooi
966 1431 123 28 étendre.
1106 1430 79 27 Non»
1200 1436 87 19 aven»
1313 1428 83 26 fendé
1410 1428 47 26 de»
1474 1427 123 27 colonies
1612 1433 7 24 ;

882 1469 26 26 là
924 1468 35 27 où
973 1468 30 26 la
1017 1470 72 24 tarra
1104 1466 100 27 n'était
1221 1473 48 25 pa»
1286 1463 81 28 libre,
1387 1470 70 19 non»
1469 1469 91 20 avons
1574 1469 31 19 as-

881 1504 40 27 »i»
937 1507 79 24 notre
1030 1501 152 28 iniaenoe.
1199 1499 86 28 Ainsi
1300 1500 65 26 l'eat
1381 1499 91 27 formé
1486 1505 39 20 un
1541 1500 79 24 vaite

881 1539 109 33 empira
1016 1539 80 33 épara
1123 1545 34 18 en
1186 1543 167 27 apparence,
1382 1533 133 27 solidaire
1545 1533 72 26 dans

882 1577 90 25 tontes
986 1581 43 19 sas
1045 1572 104 34 parties
1163 1578 34 20 en
1215 1570 107 28 réalité,
1339 1570 51 34 qui
1406 1570 90 27 forma
1509 1574 112 20 comme

882 1617 39 20 an
938 1611 94 25 résean
1052 1610 15 25 h
1083 1606 113 28 mailles
1211 1613 35 20 on
1273 1606 65 31 pins
1365 1604 113 27 étroites
1507 1611 34 19 on
1558 1603 65 33 pins

882 1646 99 32 larges,
999 1644 74 26 mais
1088 1642 239 34 singulièrement
1352 1637 269 35 improssionnab.o,

882 1689 47 18 aur
947 1682 92 33 lequel
1055 1680 40 26 las
1111 1677 143 28 moindres
1280 1676 159 27 vibrations
1469 1682 28 19 se
1528 1680 79 20 trans-

886 1717 120 25 mettent
1032 1722 69 19 avec
1142 1721 56 19 une
1226 1713 185 31 foudroyante
1437 1708 165 27 soudaineté
1615 1715 8 22 ;

883 1753 67 30 (très
967 1749 64 27 bien
1058 1750 56 26 trèa
1129 1748 78 31 bien)
1221 1754 39 20 nn
1290 1748 38 26 tel
1356 1746 170 27 événement
1553 1742 72 26 daos

883 1787 34 26 de
932 1786 53 27 tels
999 1783 123 28 milieux
1148 1781 93 30 aurait
1260 1789 39 21 UJI
1330 1780 231 27 retentissement
1577 1778 32 27 in

885 1820 158 28 •aloulable
1056 1822 27 24 et
1097 1820 66 26 c'est
1176 1815 137 37 pourquoi
1325 1824 34 20 en
1374 1814 118 35 pareille
1507 1813 119 27 matière

885 1864 39 20 nn
947 1863 52 27 peu
1028 1854 32 27 de
1088 1854 89 31 fierté,
1204 1860 39 19 ua
1271 1852 76 34 juste
1376 1851 74 27 «ouoi
1479 1850 38 27 du
1546 1848 81 35 point

885 1891 159 27 d'bonnenr
1058 1898 34 19 ne
1114 1891 64 25 sont
1202 1894 56 27 que
1285 1886 33 27 de
1345 1886 28 28 la
1398 1885 130 34 vulgai*e
1559 1891 51 27 pru-

886 1926 94 27 dence.
996 1924 81 33 (Très
1091 1924 77 32 bien,
1183 1925 57 25 très
1250 1923 92 32 bien).

921 1962 31 27 M
979 1961 115 28 Firinin
1106 1959 100 28 Faure.
1283 1957 74 27 C'est
1383 1957 28 27 la
1423 1956 129 28 dootrioe
1577 1963 33 20 na-

887 1997 158 28 tionaliste.

921 2034 26 27 A
963 2033 116 34 gauebe.
1144 2029 74 32 C'est
1234 2030 30 27 la
1277 2028 128 28 doetrina
1419 2027 142 34 française
1573 2024 7 30 !

924 2067 41 30 M.
981 2068 27 28 le
1024 2067 144 35 préaident
1182 2066 38 28 du
1234 2065 119 30 eonaeil.
1441 2061 74 30 Saae
1534 2061 93 33 doute,

889 2102 162 31 meaaieara,
1067 2102 24 28 il
1115 2102 60 27 faut
1199 2102 58 27 être
1286 2100 143 35 ménager,
1443 2099 25 27 il
1496 2098 61 28 faut
1572 2098 57 26 être

889 2146 84 21 avare
992 2139 47 27 dea
1054 2138 111 27 denlera
1180 2137 34 28 de
1228 2137 27 28 la
1271 2135 118 30 Franoa,
1404 2134 39 27 du
1467 2141 71 27 sang
1553 2133 33 26 de
1603 2133 30 27 la

889 2173 117 32 Franco,
1023 2173 51 35 qui
1087 2176 43 25 est
1144 2173 27 26 la
1187 2173 109 26 réserve
1312 2170 155 28 nécessaire
1481 2172 27 25 et
1528 2169 102 31 caoréc,

891 2210 74 27 mais
980 2210 116 27 ceux-là
1110 2207 211 35 n'aperfoivent
1342 2205 89 35 qu'un
1459 2204 47 27 du
1534 2203 79 28 moin-

889 2245 63 27 dres
966 2246 110 32 aspects
1091 2244 46 26 des
1166 2244 98 26 ohrsas
1291 2242 50 34 qni
1370 2242 145 32 comptent
1540 2238 77 27 seuie-

892 2283 81 25 mont
987 2287 70 20 avec
1071 2280 40 27 les
1127 2278 133 27 résultats
1273 2276 144 28 matériils
1431 2276 118 26 obteaas
1561 2274 71 27 dans

889 2316 123 34 quelque
1026 2315 97 33 région
1139 2314 34 26 de
1187 2313 142 34 l'Afriqae
1338 2319 34 20 ou
1388 2310 34 27 do
1436 2310 99 27 l'Aeie.
1553 2309 58 27 Pen-

891 2354 111 25 ee-t-oa
1017 2357 54 27 que
1085 2348 100 28 l'eflort
1201 2355 54 26 que
1271 2354 71 20 noae
1357 2354 19 26 y
1402 2353 89 20 avons
1504 2344 129 33 déployé,

892 2386 220 34 l'organisation
1128 2385 67 26 dont
1212 2391 70 20 nous
1297 2389 87 21 avons
1400 2381 54 26 lait
1469 2381 27 27 la
1512 2387 115 26 preuve,

893 2422 28 27 la
934 2422 100 26 valeur
1049 2420 33 27 de
1095 2427 71 19 oeax
1181 2419 51 34 qui
1247 2420 50 26 ont
1311 2418 146 27 oombaMu
1469 2422 71 27 pour
1550 2421 81 25 nous,

893 2458 61 27 leur
967 2456 170 30 endurance,
1163 2454 109 27 n'aient
1296 2460 50 26 pas
1374 2452 44 27 été
1446 2451 34 27 de
1507 2451 125 34 quelque

895 2493 81 32 profit
993 2498 70 26 pour
1090 2491 79 26 notre
1192 2489 139 28 situation
1346 2496 35 19 en
1409 2485 111 35 Europe
1534 2483 61 30 ?Et
1611 2485 25 26 »i

895 2536 70 19 non»
980 2526 92 27 étions
1089 2533 76 19 assez
1180 2524 122 35 injustes
1317 2530 70 27 pour
1396 2530 34 19 ca
1442 2522 107 28 douter,
1566 2528 70 19 nous

894 2563 106 26 serions
1013 2563 39 26 les
1068 2562 76 26 seuls
1156 2563 18 25 à
1189 2559 117 34 prendre
1322 2559 32 25 de
1381 2557 182 27 nous-mlme
1579 2563 57 20 une

894 2597 118 35 opinion
1032 2596 25 27 si
1074 2604 52 26 peu
1154 2595 152 28 favorable.
1335 2591 302 37 (Applaudiaiements

894 2641 37 21 au
946 2635 96 26 centre
1055 2635 27 25 et
1097 2633 15 27 à
1129 2630 130 33 gauche).

940 2706 74 39 Que
1041 2707 43 31 de
1111 2702 157 44 pareilles
1287 2701 240 39 déclarations,
1552 2709 66 24 aux-

896 2752 133 43 quelles
1068 2748 338 34 malheureusement
1443 2745 48 34 M.
1533 2744 81 35 Wal-

899 2794 85 35 deck
1004 2792 180 37 Rousseau
1204 2802 43 24 ne
1266 2800 86 25 nous
1371 2790 93 35 avait
1498 2799 60 33 pas
1578 2789 43 34 ha-

896 2839 128 39 bitués,
1046 2838 92 33 aient
1159 2837 252 33 décontenancé
1443 2836 35 31 et
1499 2836 119 31 mécon-

899 2885 94 32 tenté
1035 2882 48 34 las
1117 2877 520 38 socialistes-révolutionnaires

899 2930 34 31 et
954 2928 48 33 les
1023 2927 162 33 radicaux
1199 2924 60 44 qui
1292 2922 177 34 marchent
1489 2930 83 25 avec
1591 2920 48 38 M,

900 2972 181 35 Hubbard,
1103 2969 71 35 cela
1192 2979 44 24 va
1254 2969 41 32 de
1316 2968 50 33 soi
1409 2968 33 32 et
1475 2975 86 25 neus
1598 2975 43 22 ne

901 3025 156 34 pouvons
1077 3024 67 34 que
1165 3022 86 24 nous
1271 3012 145 34 féliciter
1449 3011 43 33 de
1512 3009 85 38 voir,
1623 3013 24 28 à*

902 3064 91 31 cette
1013 3059 169 34 •xasion.
1205 3058 33 34 la
1264 3056 158 44 majorité
1455 3053 190 34 détestable

902 3115 60 24 •ur
985 3103 145 44 laquelle
1155 3103 79 33 s'est
1253 3102 138 43 appuyé
1409 3098 139 44 jusqu'à
1566 3099 60 40 pré-

904 3151 77 32 sent
1000 3149 31 34 le
1051 3148 176 43 président
1247 3145 47 34 du
1313 3143 129 35 conseil
1461 3152 37 25 se
1519 3143 129 33 diviser

904 3196 34 32 et
959 3203 35 25 se
1015 3194 206 41 désagréger
1244 3200 87 34 pour
1364 3189 99 33 céder
1487 3187 33 34 la
1551 3185 98 44 plaça

905 3236 317 35 momentanément
1241 3239 19 30 à
1279 3243 69 24 une
1362 3235 99 32 autre
1475 3230 169 45 majorité,

906 3281 84 34 celle
1011 3282 58 32 des
1095 3281 155 33 hommes
1279 3278 215 43 intelligents
1522 3278 34 31 et
1578 3275 51 32 rai-

906 3326 178 33 sonnables
1103 3327 34 31 et
1156 3325 60 32 des
1231 3324 85 32 bons
1336 3320 174 41 Français.

950 3370 89 34 Mais
1115 3372 33 30 et
1168 3366 84 34 c'est
1271 3366 45 33 ici
1336 3376 67 33 que
1426 3366 33 41 je
1478 3364 135 34 reviens
1631 3365 20 31 à

907 3425 80 24 mon
1023 3415 97 41 point
1153 3412 41 33 de
1227 3412 122 40 dépari
1447 3418 38 24 ce
1517 3406 61 45 qui
1609 3416 43 24 ne

908 3458 130 34 saurait
1070 3468 35 22 se
1137 3456 236 41 comprendre,
1396 3463 39 24 ce
1462 3462 79 33 que,
1565 3461 86 33 pour

909 3508 98 28 notre
1026 3503 89 41 part,
1137 3510 87 24 nous
1248 3500 249 33 n'admettrons
1517 3496 133 43 jamais,

908 3547 84 34 c'est
1011 3555 67 33 que
1098 3546 66 33 l'on
1186 3543 116 38 puisse
1322 3550 123 33 songer
1520 3549 133 25 comme

911 3601 43 24 on
970 3591 48 34 dit
1037 3600 66 33 que
1120 3588 48 34 M.
1191 3588 117 33 Lasies
1328 3596 41 24 en
1384 3596 19 22 a
1416 3595 43 24 eu
1480 3586 32 33 la
1531 3585 123 43 pensée

960 3638 21 31 à
996 3634 81 33 faire
1090 3633 187 44 dégénérer
1291 3641 66 22 une
1370 3628 190 35 discussion
1572 3627 83 34 d'un

912 3679 47 34 tel
979 3680 170 32 caractère
1168 3686 41 25 en
1230 3684 202 25 manœuvre
1461 3672 171 44 parlemen-

913 3725 94 32 taire.
1037 3722 139 38 Jamais,
1199 3731 43 22 en
1260 3719 93 38 effet,
1377 3728 58 24 sur
1455 3726 70 25 une
1552 3726 85 32 ques-

914 3770 72 32 tion
1013 3768 43 32 de
1075 3765 170 44 politique
1264 3764 193 33 extérieure
1481 3764 33 31 et
1540 3762 117 41 quand

914 3822 43 22 on
978 3811 72 32 voit
1080 3821 46 21 un
1155 3809 285 44 gouvernement,
1462 3804 81 45 quel
1572 3804 85 41 qu'il

914 3855 67 34 •oit
1005 3857 33 31 et
1058 3854 115 50 quelle
1192 3862 67 33 que
1279 3852 117 43 puisse
1415 3853 84 35 être,
1521 3853 19 30 à
1560 3850 80 32 d'au-

915 3904 70 30 tres
1022 3901 116 40 points
1175 3899 41 32 de
1250 3906 79 28 vue,
1374 3905 60 24 son
1472 3894 185 44 indignité,

918 3944 145 44 prendre
1090 3941 92 35 aussi
1212 3940 286 44 énergiquement
1518 3937 32 34 le
1571 3938 89 41 parti

917 3990 43 32 de
979 3987 180 34 l'honneur
1179 3986 151 32 national
1364 3986 33 31 nt
1426 3984 59 33 des
1517 3983 144 33 intérêts

918 4033 41 33 de
979 4031 32 34 la
1031 4031 120 44 patrie,
1173 4030 122 44 jamais
1315 4038 43 25 on
1382 4028 54 34 n'a
1456 4028 31 33 le
1507 4026 91 34 droit
1619 4026 43 33 de

918 4076 133 45 joindre
1077 4084 58 25 sou
1161 4077 79 32 vote
1267 4077 20 31 à
1310 4083 87 24 ceux
1422 4071 59 34 des
1513 4072 129 43 énergu-

920 4123 116 31 mèaes
1064 4129 89 33 pour
1179 4116 149 45 lesquels
1358 4119 54 31 cet
1442 4116 156 33 honneur
1628 4116 35 33 et
1682 4108 1 57 |

920 4175 54 24 ces
990 4166 144 32 intérêts
1153 4173 43 22 ne
1211 4163 177 40 comptent
1408 4170 70 32 pas.

966 4207 130 39 Certes,
1120 4207 32 34 la
1167 4207 154 43 tactique
1336 4214 67 34 que
1423 4202 115 35 consei
1547 4199 45 35 lie
1612 4199 50 35 M.

920 4253 118 33 Lasies
1058 4251 119 35 n'aura
1196 4259 71 33 pas,
1291 4250 28 33 ai
1338 4250 51 33 les
1426 4246 172 35 membre*
1620 4246 45 33 de

924 4299 32 32 la
970 4297 111 33 droite
1095 4296 50 43 s'y
1161 4297 150 41 prêtent,
1330 4292 32 35 le
1394 4292 148 33 résultat
1561 4290 105 41 qu'on

924 4351 43 24 en
984 4341 119 34 attend
1123 4342 34 31 et
1172 4338 109 33 d'ores
1309 4339 34 31 et
1363 4337 78 43 déjà
1479 4337 67 32 l'on
1581 4335 86 41 peut

925 4384 136 45 prévoir
1080 4394 67 33 que
1180 4382 47 34 M.
1269 4380 396 37 Waldeck-Rousseau,

926 4439 59 24 sur
1004 4427 194 35 l'excellent
1214 4427 128 33 terrain
1358 4429 45 30 où
1419 4426 25 33 il
1456 4426 83 32 s'est
1559 4422 109 43 placé,

927 4475 163 32 trouvera
1135 4470 197 34 facilement
1383 4479 67 24 une
1494 4467 175 44 majorité.

927 4517 91 35 Mais
1037 4527 44 22 en
1101 4517 191 43 supposant
1310 4515 119 32 contre
1462 4514 100 32 toute
1579 4511 74 33 vrai-

927 4560 195 34 semblance
1141 4569 69 33 que
1225 4569 37 24 ce
1281 4557 183 35 misérable
1483 4557 58 44 jeu
1557 4556 117 44 puisse

928 4607 175 32 entraîner
1127 4604 33 34 la
1178 4604 105 34 chute
1320 4603 47 33 du
1402 4600 150 39 cabinet,
1586 4599 87 33 dans

931 4650 113 44 quelle
1059 4649 168 34 situation
1244 4657 35 25 se
1289 4646 107 34 serait
1404 4645 86 34 mise
1511 4644 146 43 l'opposi-

931 4696 71 32 tion
1013 4693 18 33 ?
1048 4696 34 31 et
1102 4703 41 22 ne
1162 4691 155 34 croit-on
1338 4701 61 32 pas
1427 4698 67 34 que
1520 4688 51 34 les
1590 4689 87 32 amis

932 4740 47 32 du
998 4736 178 34 ministère
1200 4736 149 32 seraient
1378 4743 43 25 en
1460 4741 138 26 mesure
1633 4731 43 33 de

933 4793 34 22 se
987 4780 170 43 prévaloir
1194 4788 83 26 avec
1312 4781 130 34 succès,
1481 4778 128 33 devant
1646 4775 32 34 le

933 4827 151 41 suffrage
1104 4822 185 40 universel,
1312 4821 104 35 d'une
1430 4821 129 34 défaite
1578 4820 80 33 d'au-

934 4873 77 32 tant
1026 4867 79 45 plus
1124 4867 174 44 glorieuse
1318 4876 67 34 que
1415 4866 31 33 le
1483 4873 175 34 gouverne-

934 4917 97 32 ment
1050 4913 104 32 serait
1174 4911 177 41 tombéjen
1371 4911 201 33 défendant,
1599 4918 83 24 avec

939 4958 48 35 les
1010 4958 145 34 intérêts
1174 4957 47 33 du
1240 4954 237 38 catholicisme
1496 4964 43 24 en
1559 4951 120 39 Chine,

938 5003 47 34 les
1044 5002 111 34 droits
1205 5002 34 33 et
1287 4997 35 37 la
1370 4997 135 45 dignité
1554 4997 43 33 de
1650 4996 33 34 la

938 5047 132 34 France
1087 5043 19 35 ?

984 5174 27 35 Il
1031 5185 22 34 y
1074 5184 19 24 a
1111 5174 157 41 dix-sept
1298 5181 73 30 ans,
1395 5181 79 24 sous
1494 5170 32 35 le
1561 5171 124 33 second

944 5220 178 33 ministère
1141 5217 120 44 Ferry,
1284 5219 34 31 et
1346 5226 44 22 au
1411 5215 194 34 lendemain
1637 5215 47 32 du

941 5267 80 32 vote
1042 5264 58 32 des
1113 5262 63 34 lois
1195 5261 159 34 scolaires
1384 5259 58 40 (au
1461 5259 124 44 regard
1605 5258 56 33 des-

944 5307 143 45 quelles,
1103 5306 33 45 je
1155 5306 32 34 le
1201 5308 81 31 note
1300 5314 44 24 en
1363 5307 150 40 passant,
1537 5303 32 34 la
1585 5302 46 34 loi
1646 5303 43 33 de

946 5352 48 35 M.
1017 5348 378 38 Waldeck-Rousseau
1415 5350 118 32 contre
1547 5346 48 35 les
1610 5356 59 24 con-

946 5396 197 44 grégations
1176 5395 73 33 doit
1280 5395 161 40 paraître,
1470 5392 28 32 si
1526 5391 70 34 l'on
1638 5393 51 31 est

947 5443 135 32 fervent
1101 5437 210 45 catholique,
1326 5448 47 22 un
1394 5435 250 43 enfantillage),
1667 5434 24 34 il

948 5496 21 33 y
990 5494 19 25 a
1024 5484 156 41 dix-sept
1191 5492 72 28 ans,
1280 5481 33 33 la
1325 5481 111 32 droite
1452 5479 122 34 voulut
1590 5484 81 37 adop-

950 5536 52 27 ter
1035 5529 30 33 le
1097 5529 151 43 système
1279 5524 233 45 d'opposition
1539 5533 67 33 que
1639 5523 50 34 lui

951 5571 161 37 conseille
1127 5570 223 44 aujourd'hui
1364 5568 50 34 M.
1430 5567 130 35 Lasies.
1583 5567 54 34 En
1656 5576 38 24 ce

952 5616 171 43 temps-lfc,
1159 5615 25 33 il
1215 5624 41 22 at
1291 5613 169 43 s'agissail
1502 5621 60 33 pas
1591 5614 41 31 de
1663 5611 33 33 la

953 5661 109 35 Chine
1081 5659 85 34 mais
1182 5659 46 32 du
1245 5657 137 33 Tonkin
1396 5657 85 32 dont
1500 5659 32 30 le
1551 5663 125 34 gouver-

953 5709 139 30 nement
1113 5704 43 32 de
1174 5702 33 33 la
1225 5701 223 43 République
1475 5699 143 34 detirait
1633 5708 43 24 en-

954 5748 106 35 richir
1078 5750 99 32 notre
1196 5746 159 34 domaine
1388 5743 158 34 colonial.
1587 5741 84 35 L'ex-

957 5790 274 45 tréme-gauche,
1253 5800 79 22 sous
1352 5789 33 33 la
1403 5787 163 34 conduite
1586 5787 41 33 de
1644 5785 46 35 M.

957 5837 239 35 Clémenceau,
1217 5833 204 33 combattait
1433 5841 83 25 avec
1533 5831 145 33 acharne-

958 5882 94 34 ment
1072 5878 38 34 M
1148 5877 97 35 Jules
1272 5876 109 44 Ferry
1396 5878 35 32 et
1452 5875 30 34 le
1508 5875 90 43 parti
1622 5884 59 24 con-

959 5927 176 32 servateur
1167 5923 84 33 dont
1289 5922 31 33 la
1355 5920 105 34 chute
1489 5919 48 32 du
1566 5919 135 33 cabinet

959 5970 85 33 était
1059 5969 89 33 alors
1168 5966 32 34 la
1219 5965 266 52 préoccupation
1500 5962 200 34 dominante

963 6013 167 35 marchait
1154 6020 41 24 en
1220 6009 78 34 bloc
1325 6017 83 26 evec
1440 6006 48 34 les
1526 6007 174 33 radicaux.

963 6058 48 34 Le
1031 6060 72 30 mot
1116 6056 135 33 d'ordre
1270 6061 41 26 ae
1331 6056 91 32 cette
1441 6048 162 37 coalition
1617 6060 64 24 con-

965 6105 52 31 tre
1036 6103 123 31 nature
1187 6098 85 34 était
1291 6098 41 33 de
1367 6097 170 43 protester
1566 6104 58 32 par
1644 6094 59 33 das

965 6148 97 32 votes
1074 6142 198 44 disciplinés
1286 6144 37 31 et
1341 6141 175 41 compacts
1535 6141 117 32 contre
1668 6146 38 25 ce

966 6198 69 34 que
1054 6188 67 33 l'on
1140 6185 150 45 appelait
1309 6194 83 25 avec
1406 6193 69 24 une
1488 6181 110 34 colère
1612 6182 94 34 aussi

967 6236 90 32 totte
1076 6242 69 33 que
1181 6230 208 43 méprisante
1427 6236 17 21 «
1468 6226 32 34 la
1537 6226 170 44 politique

969 6278 219 34 d'aventuies
1200 6272 183 37 coloniales
1394 6281 30 22 a.

1012 6320 102 35 Deux
1133 6320 155 33 hommes
1306 6317 193 33 seulement
1519 6314 110 43 parmi
1658 6313 51 34 les

972 6366 146 41 députés
1137 6365 44 32 de
1199 6363 112 34 droite
1383 6363 33 31 et
1427 6369 38 24 ce
1473 6369 74 24 sera
1559 6359 73 34 leur
1644 6358 45 33 im-

972 6407 185 46 périssable
1181 6407 157 34 honneur
1409 6405 124 32 eurent
1551 6403 32 34 le
1605 6404 85 43 géné-

974 6462 85 25 reux
1078 6461 148 35 courage
1261 6451 43 33 de
1341 6446 167 39 soutenir,
1546 6457 41 24 en
1620 6446 91 33 cette

979 6506 216 30 occurrence,
1219 6496 41 33 de
1298 6493 74 33 leur
1409 6491 184 43 élequence
1613 6494 34 31 et
1671 6489 41 33 de

977 6544 92 33 leurs
1088 6540 169 44 suffrages
1274 6537 32 34 le
1324 6536 178 35 ministère
1513 6535 96 35 Jules
1628 6531 85 38 Fer-

1674 1293 52 32 ry,
1749 1285 34 30 et
1815 1280 24 34 il
1870 1291 37 22 se
1935 1283 125 31 trouva
2087 1277 230 44 précisément
2350 1283 71 33 que

1674 1337 56 24 ces
1749 1325 165 43 patriotes
1932 1322 143 35 éclairés
2094 1322 60 41 qui
2174 1318 189 37 refusaient
2379 1318 43 32 de

1675 1370 175 34 s'associer
1903 1377 69 25 aux
2004 1367 188 33 tentatives
2228 1361 194 45 pitoyables

1678 1416 58 32 des
1763 1414 262 33 conservateurs
2060 1409 78 34 unis
2163 1415 20 27 a
2218 1408 181 33 l'extréme-

1676 1457 133 45 gauche
1841 1456 130 33 étaient
2008 1454 48 34 les
2094 1454 92 33 deux
2223 1453 200 33 défenseurs

1678 1507 46 30 les
1744 1501 79 45 plus
1844 1500 155 35 illustras
2036 1499 41 33 de
2114 1496 33 35 la
2180 1496 124 34 liberté
2344 1493 61 34 reli-

1677 1547 119 44 gieuse
1812 1546 30 32 si
1860 1544 196 35 maltraitée
2076 1552 61 33 par
2157 1540 32 34 le
2220 1547 175 38 gouverne-

1678 1592 106 32 ment.
1808 1589 91 35 L'un
1919 1589 85 34 était
2035 1587 130 43 député
2203 1585 41 33 de
2270 1584 152 41 Pontivy

1678 1638 34 32 et
1730 1633 178 43 s'appelait
1930 1632 126 34 Albert
2083 1631 43 32 de
2146 1629 87 34 Mun
2251 1638 8 30 ;
2294 1628 125 35 l'autre

1678 1680 162 43 occupait
1871 1677 32 34 le
1926 1677 94 44 siège
2057 1675 190 43 qu'occupe
2282 1671 123 44 aujour-

1680 1723 97 34 d'hui
1795 1722 50 33 M.
1869 1721 111 34 l'abbd
1995 1719 165 43 Gayraud
2180 1719 84 32 dans
2297 1715 32 35 le
2361 1715 41 35 Fi-

1680 1768 129 34 nistère
1826 1776 8 30 ;
1854 1766 25 34 il
1898 1766 86 34 était
1998 1766 132 41 évéque
2148 1761 174 44 d'Angers
2341 1762 34 32 et
2389 1769 37 25 se

1681 1812 169 34 nommait
1869 1808 81 44 Mgr
1969 1807 159 44 Freppel.

1726 1854 32 35 A
1774 1856 152 33 diverses
1945 1852 159 45 reprises,
2128 1852 85 33 dans
2229 1850 43 34 de
2291 1852 107 31 mémo-

1683 1899 112 35 rables
1833 1898 168 39 discours,
2041 1905 39 25 ce
2109 1894 124 44 prélat,
2275 1894 84 33 dans
2395 1892 33 34 la

1684 1944 149 45 poitrine
1853 1942 131 45 duquel
2003 1941 125 34 battait
2146 1950 47 24 un
2206 1948 98 25 cœur
2323 1936 81 35 d'Al-

1684 1989 124 38 sacien,
1832 1988 70 43 prit
1923 1987 33 34 la
1972 1987 139 33 défense
2131 1984 43 33 de
2206 1983 33 33 la
2258 1982 170 41 politique

1684 2033 223 43 d'expansion
1936 2028 167 38 coloniale
2135 2027 198 46 préconisée
2368 2035 60 34 par

1685 2078 32 35 le
1735 2076 275 44 gouvernement
2029 2074 43 33 de
2089 2072 50 35 M.
2176 2070 96 37 Jules
2304 2069 124 44 Ferry.

1687 2133 17 22 «
1724 2121 125 39 Quand
1873 2120 33 34 le
1924 2120 151 40 drapeau
2095 2119 43 33 de
2157 2115 32 35 la
2219 2114 131 35 France
2379 2115 52 33 est

1687 2167 144 44 engagé,
1848 2163 195 35 s'écriait-il
2076 2172 45 25 au
2141 2159 119 37 milieu
2281 2159 60 34 des
2369 2169 43 33 ap-

1687 2211 292 44 plaudissements
1997 2207 43 33 de
2076 2205 33 35 la
2141 2204 136 45 gauche
2297 2205 33 32 et
2372 2204 59 33 des

1688 2254 247 35 exclamations
1955 2251 172 34 furieuses
2160 2250 41 33 de
2233 2249 180 34 l'extréme-

1688 2298 133 45 gauche
1841 2300 35 31 et
1892 2297 43 33 de
1954 2296 33 34 la
2006 2296 124 37 droite,
2153 2294 26 34 il
2199 2294 77 33 faut
2295 2293 32 34 le
2360 2291 57 34 sui-

1689 2343 80 32 vre!
1794 2353 17 21 »

1733 2386 100 35 Cetta
1870 2385 151 33 attitude
2055 2380 213 46 patriotique
2296 2379 98 34 valut
2414 2382 19 31 à

1690 2431 80 44 Mgr
1789 2428 149 44 Freppel
1952 2428 109 33 d'être
2076 2426 103 34 traité
2194 2434 63 34 par
2276 2425 48 34 les
2344 2426 71 32 réac-

1691 2474 188 37 tionnaires
1900 2483 135 24 cornus
2055 2481 46 22 un
2121 2469 124 44 simple
2264 2469 86 34 abbé
2375 2469 43 33 dé-

1691 2520 163 34 mocrate.
1872 2517 51 34 M.
1944 2517 32 33 le
2004 2517 69 33 duc
2092 2516 41 33 de
2166 2512 52 35 La
2238 2512 180 35 Rochefou-

1693 2562 280 38 cauld-Bisaccia
1991 2559 31 35 le
2042 2561 172 33 désavoua
2233 2557 187 33 solennelle-

1695 2610 93 32 ment
1827 2609 33 31 et
1902 2604 244 34 ridiculement
2179 2603 34 32 et
2256 2601 50 34 M.
2349 2601 90 34 Paul

1694 2654 43 33 de
1755 2650 204 44 Cassagnac,
1983 2649 84 33 dont
2091 2648 32 33 le
2150 2647 169 33 béotisme
2352 2644 67 34 mal-

1695 2698 125 34 faisant
1858 2693 158 44 inspirait
2048 2692 77 43 déjà
2159 2700 46 25 au
2233 2689 91 44 parti
2357 2699 63 24 con-

1696 2743 176 33 servateur
1915 2739 59 33 des
2021 2737 206 34 sentiments
2277 2733 143 33 d'intem-

1696 2786 141 43 pérante
1866 2781 219 38 admiration,
2107 2778 136 35 déclara
2264 2787 67 34 que
2361 2777 80 44 Mgr

1696 2829 148 47 Freppsl
1876 2826 86 34 était
1996 2836 15 20 «
2048 2835 47 24 un
2132 2824 131 41 évêque
2304 2823 132 41 dévoyé

1696 2876 85 33 dans
1796 2874 32 34 la
1843 2870 234 44 République,
2094 2869 85 33 dont
2194 2869 26 33 il
2239 2867 201 37 souhaitait,

1696 2915 201 47 ajoutait-il,
1912 2915 44 33 de
1976 2914 141 33 devenir
2143 2911 32 34 le
2190 2911 110 43 grand
2322 2913 97 32 aumô-

1698 2965 74 32 nier
1800 2972 28 21 ».

1742 3007 98 32 Nous
1871 3004 165 34 estimons
2066 3000 204 44 cependant,
2296 3000 110 41 quant
2427 3000 19 32 à

1700 3060 99 30 noua,
1820 3059 69 33 que
1907 3047 178 34 l'éminent
2105 3045 111 44 prélat
2246 3045 92 32 avait
2370 3044 53 32 rai-

1701 3105 61 25 son
1781 3096 43 32 de
1845 3091 111 46 parler
1983 3093 35 31 at
2052 3091 41 33 da
2117 3091 99 32 vetar
2248 3097 133 25 comme
2409 3085 33 44 je

1702 3141 96 32 viens
1818 3138 41 32 de
1879 3137 32 33 la
1931 3137 85 33 dira.

1749 3194 15 21 c
1787 3182 125 39 Quand
1949 3181 31 33 le
2013 3180 149 43 drapeau
2192 3177 44 33 de
2268 3176 32 34 la
2317 3175 131 35 France

1703 3230 52 32 est
1779 3228 143 41 engagé,
1939 3223 25 34 il
1984 3224 74 33 faut
2080 3223 30 33 le
2130 3222 128 34 suhre.
2283 3231 13 20 »

1748 3272 46 35 Ce
1814 3270 60 43 qui
1894 3269 85 33 était
2003 3267 85 39 vrai,
2111 3267 26 33 il
2172 3276 24 32 y
2233 3276 19 22 a
2290 3266 159 40 dix-sept

1703 3327 72 27 ans,
1799 3325 86 33 pour
1902 3313 31 34 le
1946 3313 150 37 Tonkin,
2120 3313 52 32 est
2186 3309 74 33 vrai
2276 3311 157 41 présente-

1704 3363 97 32 ment
1822 3367 90 34 ponr
1944 3357 33 34 la
2000 3356 119 35 Chine.
2154 3354 46 33 Et
2229 3354 83 32 c'est
2344 3361 86 33 pour-

1706 3404 83 45 quoi
1824 3404 48 33 les
1916 3402 172 33 membres
2139 3399 41 31 de
2231 3397 222 43 l'opposition

1707 3445 279 38 commettraient
2023 3454 69 22 une
2130 3443 96 33 faute
2263 3443 118 31 contra
2421 3439 33 33 la

1708 3494 110 43 patrie
1845 3490 71 33 s'ils
1936 3489 200 41 adoptaient
2171 3483 230 46 aujourd'hui-
2422 3483 33 34 la

1708 3535 187 45 singulière
1907 3533 152 34 manière
2080 3533 40 32 de
2140 3530 74 34 voir
2239 3530 43 32 de
2315 3528 50 33 M.
2387 3528 45 33 La-

1709 3582 65 32 sies
1794 3581 34 32 et
1847 3580 41 38 si,
1911 3587 80 24 sous
2026 3578 157 43 prétexte
2204 3574 41 33 de
2278 3580 178 27 renverser

1709 3626 32 33 le
1755 3624 189 37 ministère,
1964 3621 41 33 ils
2042 3619 266 34 condamnaient
2328 3626 60 33 par
2408 3626 48 24 un

1709 3672 80 31 vote
1805 3667 129 44 injuste
1949 3669 34 30 et
2003 3665 59 33 fou
2081 3664 33 33 la
2145 3663 170 44 politique
2335 3660 102 33 d'hon-

1709 3723 87 25 neur
1828 3710 154 35 natienal
2022 3710 84 32 dont
2158 3705 47 35 M.
2261 3704 198 34 Waldeck-

1710 3757 182 35 Rousseau
1905 3764 15 24 s
1932 3756 52 32 est
2000 3752 61 34 fait
2076 3751 111 34 mardi
2200 3754 20 31 à
2231 3750 33 33 la
2272 3749 184 39 Chambre,

1713 3813 43 22 au
1787 3801 109 43 grand
1932 3797 175 43 désespoir
2140 3796 40 32 de
2218 3793 224 35 l'anticlérica-

1714 3847 99 33 lisme
1840 3842 229 43 maçonnique
2119 3841 34 32 et
2187 3840 47 33 du
2269 3836 193 34 socialisme

1714 3887 305 38 révolutionnaire,
2052 3885 31 33 le
2114 3887 71 31 très
2205 3882 189 44 énergique
2424 3882 35 32 et

1715 3937 71 32 très
1805 3933 164 41 éloquent
1984 3930 202 43 interprète.

1828 3987 219 31 Essmsnuel
2268 3983 50 28 du
2333 3981 14 27 i
2362 3983 47 28 où

1759 4333 154 39 (Service
1928 4332 132 40 spécial
2076 4331 41 32 de

1724 4102 200 152 Nos
1939 4095 524 198 Dépêches

1832 4427 126 66 EN
2010 4421 357 72 FRANCE

1734 4550 381 45 L'AGITATION
2148 4541 322 52 OUVRIÈRE

1730 4646 32 27 1
1776 4645 39 26 la
1844 4643 256 27 (•mmlsslon
2128 4643 53 26 da
2209 4642 155 28 travail.
2424 4643 52 27 La

1763 4681 170 35 journée
1959 4680 48 26 de
2023 4678 87 27 huit
2135 4678 156 26 heures.
2363 4677 59 26 L'o-

1801 4715 138 35 pinion
1954 4714 56 27 du
2030 4714 182 27 ministre
2236 4713 69 26 de»
2327 4714 61 26 tra-

1837 4756 103 21 vaux.
1954 4749 165 34 publies.
2181 4748 165 33 Ajourne-

1907 4788 109 25 ment
2039 4785 51 27 de
2115 4783 40 27 la
2186 4783 118 32 frève

2121 4863 94 28 Paris,
2230 4860 34 31 21
2280 4860 163 30 novembre.

1776 4903 45 31 La
1835 4900 203 32 commission
2055 4899 41 31 du
2121 4898 112 32 travail
2268 4907 18 20 a
2314 4898 107 31 décidé
2441 4905 38 24 en

1737 4943 139 40 prinoipe
1893 4942 78 33 hier,
1985 4941 19 30 à
2026 4938 195 32 l'unanimité
2245 4938 53 31 des
2328 4937 152 32 membrei

1740 4984 135 37 présents
1893 4981 102 31 moins
2011 4978 72 31 trois
2096 4978 84 35 voix,
2194 4977 76 39 qu'il
2285 4987 19 28 y
2322 4977 81 30 avait
2419 4976 61 32 lien

1739 5022 38 32 de
1791 5023 201 37 réglementer
2007 5020 30 30 la
2060 5019 94 31 dorée
2186 5017 40 31 du
2264 5016 111 32 travail
2402 5017 78 31 dans

1742 5065 41 28 les
1800 5065 110 28 mines.

1781 5102 81 31 Mais
1876 5102 94 30 avant
1983 5100 38 30 de
2036 5101 115 27 statuer
2167 5106 51 22 snr
2237 5101 76 27 cette
2328 5096 152 38 question,

1741 5144 59 30 elle
1815 5151 18 21 a
1848 5140 163 32 manifesté
2027 5139 28 31 le
2069 5138 81 32 désir
2165 5138 38 31 de
2218 5138 158 31 connaître
2393 5137 73 37 l'opi-

1743 5183 72 30 nion
1828 5181 43 30 du
1886 5183 249 35 gouvernement,
2153 5184 27 24 et
2194 5178 59 31 elle
2278 5185 18 21 a
2324 5178 126 35 délégué
2467 5178 17 27 à

1743 5226 46 26 cet
1802 5222 72 28 effet
1889 5229 58 21 son
1961 5218 169 37 président,
2147 5217 45 30 M.
2222 5217 123 34 Dubtef,
2373 5217 111 37 auprès

1743 5263 41 28 du
1799 5261 141 30 ministre
1955 5259 53 30 des
2024 5262 130 27 travaux
2171 5256 133 39 pobiios.

1783 5300 46 30 M.
1848 5298 124 31 B&udin
1987 5308 18 20 a
2020 5296 139 37 répondu
2180 5297 17 28 à
2213 5296 46 31 M.
2278 5295 112 31 Dabief
2406 5295 74 38 qu'il

1744 5341 73 30 était
1834 5341 64 35 prêt
1913 5341 19 27 à
1959 5339 148 28 formuler
2143 5344 56 22 ion
2233 5335 65 31 avis
2330 5335 87 35 aprèi
2448 5343 39 22 en

1746 5380 97 33 avoir,
1860 5378 155 33 toutefois,
2033 5376 94 31 référé
2143 5385 40 21 au
2213 5375 115 30 comeil
2357 5374 53 31 dei
2428 5374 40 30 mi-

1747 5420 110 30 niitrei
1873 5420 52 37 qui
1943 5426 31 24 se
1990 5417 118 31 tiendra
2128 5415 125 31 demain
2268 5417 18 28 à
2301 5412 144 40 l'Elysée.

1788 5459 45 30 La
1846 5457 203 32 oommiiiion
2078 5457 80 34 a'eel,
2194 5464 39 22 en
2263 5456 222 35 coneéquenoe,

1748 5499 144 37 ajournée
1907 5499 18 28 à
1939 5497 136 31 demain.
2102 5494 81 31 C'est
2212 5496 77 28 rfans
2317 5498 78 26 eetle
2422 5494 50 30 réu-

1749 5542 73 27 nion
1838 5537 112 39 qu'elle
1967 5535 130 35 prend»
2120 5544 60 21 un:
2209 5533 167 31 ré»olution
2393 5542 52 21 inr
2461 5533 28 28 la

1750 5576 189 39 proposition
1958 5576 104 37 Buly,
2080 5574 99 31 fixant
2194 5576 18 27 à
2239 5574 67 30 hait
2335 5572 109 31 heurei
2460 5575 31 27 la

1750 5619 124 37 Journée
1889 5617 38 30 de
1943 5619 109 26 travail
2068 5615 80 28 dant
2161 5615 44 30 lei
2222 5615 110 28 mines.

1789 5656 103 30 Avan»
1913 5655 38 31 de
1980 5662 32 22 ie
2036 5656 132 34 séparer,
2198 5653 30 30 la
2256 5650 201 31 commisiion
2474 5660 19 20 a

1752 5696 112 37 chargé
1879 5694 45 32 M.
1939 5694 132 37 Georges
2089 5694 98 37 Berry
2212 5693 41 30 du
2280 5694 125 33 rapport
2420 5700 52 27 pro-

1752 5735 112 30 visoire
1880 5743 52 21 sur
1946 5735 28 30 le
1993 5733 94 38 projet
2102 5733 40 30 du
2156 5734 241 35 gouvernement
2412 5733 61 27 rela-

1754 5774 35 31 tif
1802 5784 60 20 aux
1877 5773 196 31 concessions
2089 5772 156 31 minières.

1798 5815 25 30 It
1839 5815 111 30 résulte
1965 5812 53 31 dei
2047 5811 262 38 renieigneruents
2336 5817 59 30 que
2417 5817 77 21 nom

1757 5863 97 20 avons
1871 5862 41 30 pu
1924 5851 164 35 reoneillir,
2101 5859 60 30 que
2176 5850 45 30 M.
2235 5849 136 31 Baudin.
2389 5850 89 28 minis-

1757 5898 43 25 tre
1817 5895 52 28 dei
1880 5898 129 24 travaux
2021 5889 227 40 publics,serait
2262 5888 157 31 favorable
2431 5896 50 28 per-

1757 5934 226 28 sonnellement
2000 5933 19 28 à
2046 5939 61 22 nne
2134 5928 253 38 réglementation
2412 5928 38 31 de
2467 5928 32 30 la

1757 5973 93 30 duita
1867 5972 40 30 du
1924 5974 96 26 traval
2037 5970 53 38 qui
2112 5968 206 32 n'exoéderait
2342 5975 38 22 en
2395 5975 103 22 anoun

1757 6020 52 21 eas
1826 6012 69 30 huit
1909 6012 109 28 heures
2031 6019 31 22 et
2073 6007 111 32 demie.

1799 6051 93 35 Mail,
1920 6059 119 21 oomme
2067 6058 77 20 non
2173 6046 118 32 l'avoni
2319 6046 54 37 dit,
2389 6046 21 31 il
2435 6046 65 31 doil

1760 6091 164 31 entretenir
1939 6098 47 21 mi
2009 6090 152 34 collègues
2179 6086 37 31 de
2239 6087 31 30 la
2297 6086 142 38 question
2456 6093 39 21 au

1762 6130 116 31 oonseil
1894 6130 53 31 des
1964 6129 157 31 ministres
2145 6126 37 30 de
2210 6125 146 32 vendredi
2369 6129 28 28 et
2413 6124 87 31 l'avii

1761 6170 76 38 qu'il
1856 6177 67 24 sera
1938 6169 110 37 appelé
2063 6170 18 26 à
2096 6165 117 31 donner
2237 6167 113 30 devant
2373 6167 31 28 la
2418 6172 63 22 oom-

1763 6209 129 31 miiiion
1907 6209 40 28 du
1961 6207 113 30 travail
2089 6214 67 21 sera
2172 6204 87 31 l'avii
2276 6206 43 30 du
2334 6210 149 31 gouverne-

1765 6253 83 27 ment
1861 6254 28 26 et
1904 6255 63 24 non
1982 6255 56 21 ion
2052 6244 66 30 avii
2135 6246 172 37 personnel.

2158 6295 85 32 Lem,
2256 6294 33 28 21
2306 6293 163 30 novembre.

1805 6339 44 31 M.
1869 6339 122 33 Dubief,
2007 6337 122 35 député,
2146 6345 18 20 a
2180 6335 189 39 télégraphié
2383 6334 66 31 hier
2465 6340 40 22 an

1767 6380 115 31 conseil
1911 6376 283 33 d'admiciitration
2219 6377 41 27 du
2288 6374 143 38 lyndicat
2464 6373 41 28 du

1770 6419 113 31 Paa-de
1900 6416 118 35 Calaia,
2035 6417 87 30 réuni
2138 6424 72 22 ioui
2225 6417 31 28 la
2271 6413 180 39 préiidenoe
2465 6412 38 32 de

1770 6458 44 31 M.
1837 6459 106 37 Baily.
1959 6463 59 32 que
2031 6456 31 30 la
2076 6455 201 32 commlnion
2290 6455 38 30 de
2348 6455 28 28 la
2392 6452 103 31 Cham

1770 6501 51 28 b.u
1835 6504 84 24 avait
1932 6496 106 32 dftuidè
2053 6504 38 22 tn
2261 6496 32 28 la
2306 6496 189 37 (ég.eaaenta

1770 6540 63 30 tlon
1852 6539 43 30 du
1906 6535 110 33 travail
2028 6540 30 27 et
2079 6535 112 35 qu'elle
2213 6539 133 27 statuera
2370 6531 135 33 demain.

2515 1273 58 30 Le»
2590 1272 144 34 dèiégsés
2757 1271 38 28 de
2825 1269 138 35 Doargei
2989 1272 51 24 oai
3065 1266 152 30 demandé

2476 1320 39 22 au
2531 1311 115 31 ooaieil
2673 1317 61 30 que
2760 1310 31 28 U
2819 1309 91 37 grève
2936 1305 144 39 générale
3094 1305 58 30 «oit
3167 1305 38 30 dé

2477 1355 96 28 oréiêe
2588 1348 278 33 immédiatement.
2883 1344 86 33 Celte
2994 1344 191 39 proposition
3200 1354 18 20 a

2477 1393 45 31 été
2537 1391 117 38 rejatâe.

2516 1429 28 33 A
2578 1430 105 31 l'issue
2712 1427 37 31 de
2773 1435 34 20 ta
2836 1427 139 38 réunion,
3006 1431 28 30 le
3060 1428 116 32 conseil
3202 1437 18 21 a

2478 1472 122 30 adressé
2615 1478 61 21 aux
2691 1467 137 30 mineur*
2843 1474 43 21 un
2897 1470 163 30 manifeste
3081 1470 77 28 dans
3176 1467 28 32 le-

2478 1512 69 38 quel
2563 1511 21 30 il
2602 1512 129 34 regrette
2744 1507 45 30 les
2811 1507 106 35 grèves
2946 1509 157 38 partielles
3119 1508 52 39 qui
3189 1517 31 22 se

2480 1554 65 27 sont
2575 1547 157 41 produites
2760 1550 28 27 et
2817 1546 122 33 déclare
2967 1551 143 38 ajourner
3139 1552 81 27 toute

2480 1589 235 33 détermination
2728 1585 146 39 jasqu'au
2890 1593 138 25 moment
3041 1589 40 30 où
3093 1590 30 28 la
3137 1597 61 21 com-

2480 1631 130 30 mission
2623 1624 237 43 parlementaire
2876 1637 74 20 aura
2965 1631 109 28 statué.

2880 1680 87 30 Lille,
2982 1678 33 28 21
3032 1681 155 27 aovembre

2519 1717 27 31 A
2562 1716 224 32 Valenciennes
2800 1724 39 22 on
2851 1721 122 31 compte
2987 1724 39 21 en
3041 1724 32 22 ce
3086 1720 137 27 moment

2480 1759 89 31 4.337
2583 1757 158 38 grévistes,
2758 1756 58 31 soit
2832 1755 97 32 1.400
2947 1755 37 31 de
2999 1755 70 38 plus
3086 1755 131 38 qu'hier.

2522 1799 85 28 Dans
2622 1799 28 28 le
2662 1796 106 30 bassin
2796 1794 144 38 d'Aozin,
2976 1795 32 30 la
3043 1795 105 31 moitié
3170 1795 53 31 des

2483 1838 136 31 mineurs
2635 1839 44 27 est
2693 1845 39 22 en
2746 1837 103 37 grève.

2523 1876 185 39 L'agitation
2725 1876 122 31 devient
2864 1874 35 31 de
2911 1873 69 39 plus
2996 1881 39 22 en
3056 1874 71 37 plus
3143 1873 80 31 vive,

2483 1925 40 22 on
2538 1917 98 30 oraitil
2650 1917 32 28 la
2701 1917 91 31 ?rève
2822 1915 143 38 générale
2993 1922 78 30 pour
3086 1913 137 31 demain.

2485 1957 99 34 Seuls,
2601 1957 43 30 les
2659 1956 18 28 S
2691 1954 59 31 000
2764 1955 136 31 mineurs
2917 1954 151 31 membres
3086 1954 40 30 du
3145 1950 59 40 Syn-

2485 1996 81 32 dioat
2582 2003 14 21 «
2622 1996 105 31 Sainte
2746 1994 99 32 Barbe
2863 2002 26 28 »,
2907 1995 124 30 ventent
3057 1993 163 31 continuer

2486 2037 27 30 le
2528 2035 123 32 travail.

2719 2072 239 34 Saint-Etisnne,
2974 2072 32 28 81
3028 2069 163 31 novembre.

2526 2111 26 32 A
2591 2111 188 31 Mantcsaux
2796 2112 44 28 les
2856 2108 102 32 Mines
3000 2113 28 26 et
3065 2109 19 28 à
3123 2107 104 33 Salnl-

2490 2152 129 31 Btienne
2631 2154 64 26 tout
2711 2153 45 27 est
2770 2150 111 30 calme.

2549 2218 120 59 Après
2700 2217 35 46 le
2764 2217 130 46 conflit
2920 2217 252 45 franco-turc

2549 2335 30 13 -m
2617 2315 28 33 J
2646 2313 32 25 >A
2680 2321 46 27 r*
2728 2315 32 22 rt
2851 2314 35 24 M
2891 2333 8 5 -
2920 2313 176 30 Constans

2871 2350 96 33 Paris,
2981 2350 33 28 21
3032 2348 164 31 novembre.

2531 2389 45 31 M.
2594 2389 155 31 CoDilani
2777 2398 18 21 a
2823 2387 98 39 quitté
2937 2387 89 30 Paris
3043 2388 66 30 hier
3125 2387 61 28 loir
3203 2393 32 24 se

2492 2430 130 31 rendant
2636 2431 19 28 à
2669 2428 259 37 Constantinople
2953 2435 56 30 par
3022 2426 130 31 l'Orient
3170 2426 44 30 Ex-

2492 2478 85 32 press
2595 2470 37 30 de
2643 2469 19 31 7
2676 2469 31 30 h.
2725 2469 30 30 7.

2532 2509 260 31 L'ambassadeur
2826 2507 38 31 de
2901 2507 128 32 Fiance,
3066 2509 94 27 avant
3198 2505 38 31 de

2494 2554 118 26 monter
2627 2550 77 30 dans
2720 2550 28 30 le
2764 2548 240 38 compartiment
3019 2545 53 38 qui
3100 2545 46 31 lui
3162 2545 73 31 âtait

2494 2589 130 34 réiervé,
2642 2598 18 20 a
2675 2589 45 31 été
2735 2589 86 30 salué
2845 2596 54 28 par
2929 2595 59 21 une
3017 2584 221 38 cinquantaine

2496 2628 35 32 de
2546 2629 154 38 collègues
2715 2628 43 31 du
2774 2628 94 30 Sénat
2883 2630 28 28 et
2927 2626 112 31 d'amis
3056 2624 180 37 personnels

2497 2676 96 24 veaus
2606 2669 18 28 à
2635 2669 28 27 la
2679 2676 72 30 gare
2764 2667 38 32 de
2817 2667 78 30 l'Est
2911 2674 77 30 pour
3012 2666 28 30 la
3054 2665 130 30 féliciter
3209 2668 30 26 et

2497 2708 43 31 lui
2557 2707 157 32 souhaiter
2728 2707 60 30 bon
2805 2714 130 28 voyage.

2536 2748 85 30 Avec
2637 2752 76 30 Joui,
2737 2746 44 31 M.
2798 2746 155 32 Coustaus
2981 2745 70 31 s'est
3079 2747 161 26 entretenu

2498 2787 37 31 da
2550 2789 30 28 la
2595 2787 137 30 manière
2759 2789 31 27 la
2812 2787 71 37 plus
2898 2785 148 32 cord.ale,
3064 2784 177 35 exprimant

2499 2837 32 20 sa
2548 2828 191 30 satisfaction
2754 2835 77 28 pour
2846 2828 31 27 la
2893 2824 116 38 reprise
3022 2824 53 31 das
3093 2823 148 31 relations

2499 2867 241 38 diplomatiques
2756 2875 74 21 avec
2843 2865 31 30 la
2890 2864 102 31 Porte.

2538 2906 46 31 M.
2606 2907 154 28 Constant
2776 2906 136 30 arrivera
2940 2907 17 26 &
2983 2902 259 37 Constanticople

2500 2946 116 31 samedi
2642 2946 99 30 matin
2767 2948 18 26 à
2813 2943 72 31 neuf
2915 2943 109 31 heures
3056 2942 187 37 cinquante.

2502 2987 45 30 La
2561 2986 120 30 colonie
2695 2985 163 35 française,
2877 2983 115 33 dit-on,
3020 2991 33 21 se
3080 2981 112 31 rendra
3206 2988 38 22 en

2503 3034 100 22 masse
2616 3027 18 27 à
2649 3026 30 28 la
2694 3033 72 27 gare
2781 3026 37 28 de
2838 3025 76 28 Péra
2935 3031 78 30 pour
3040 3030 19 30 y
3089 3020 156 31 souhaiter

2503 3066 31 31 la
2550 3065 172 31 bienvenue
2733 3065 18 28 à
2766 3064 158 30 l'éminent
2937 3063 169 37 diplomate
3122 3059 53 39 qui
3187 3069 17 20 a
3219 3059 26 30 si

2503 3104 253 39 energiquement
2769 3104 135 30 défendu
2917 3103 45 31 les
2973 3100 124 31 intérêts
3111 3099 133 37 français

2505 3145 72 31 dont
2593 3145 24 30 il
2631 3144 84 30 avait
2731 3143 30 30 la
2774 3143 124 38 charge.

2544 3194 56 30 par
2615 3193 60 22 une
2702 3183 200 31 coïncidence
2935 3180 309 38 diplomatiquement

2505 3227 123 33 voulue,
2646 3223 45 31 M.
2708 3223 156 31 Constans
2887 3221 136 31 arrivera
3038 3222 17 26 à
3071 3219 157 31 Consîanti-

2505 3266 92 37 nople
2628 3265 27 28 le
2681 3262 185 38 jour-même
2894 3261 39 31 où
2962 3261 107 31 Munir
3089 3260 76 37 Bey,
3182 3267 47 22 ren-

2507 3308 79 27 trera
2600 3306 18 27 à
2635 3304 99 30 Paris.

2516 3411 733 156 iainfeMptés

2897 3600 92 33 Paris,
3007 3600 32 26 21
3056 3599 164 30 novembre.

2730 3647 125 31 SÉANCE
2877 3654 40 22 DU
2941 3654 100 21 MATIN

2554 3689 45 31 La
2614 3690 109 28 séance
2737 3692 45 26 eil
2797 3692 124 25 ouverte
2933 3689 18 27 à
2966 3685 20 31 9
3004 3686 119 33 heure*,
3142 3693 71 21 sont
3228 3685 28 28 la

2516 3730 180 38 présidence
2707 3729 38 30 de
2761 3726 45 30 M.
2824 3728 152 35 Cochery,
2994 3735 77 27 pour
3085 3726 31 28 la
3132 3724 78 32 suite
3221 3724 37 31 de

2516 3771 31 27 la
2565 3769 175 30 discussion
2754 3769 40 28 du
2809 3768 98 37 proj*:
2923 3765 35 31 ds
2978 3765 41 30 loi
3035 3774 52 21 sur

2654 3819 53 30 La
2727 3819 145 28 marine
2896 3814 228 30 marchande

2557 3861 48 32 On
2621 3869 38 22 en
2673 3865 45 27 eit
2733 3861 18 28 à
2766 3859 128 31 l'article
2909 3857 18 30 3
2943 3866 51 21 sur
3005 3857 44 31 les
3065 3856 113 38 primes
3198 3856 17 30 à
3230 3855 31 31 la

2518 3901 194 38 navigation.

2558 3941 98 37 Après
2669 3940 137 37 Échange
2819 3939 39 31 de
2872 3946 84 26 vues,
2975 3938 44 30 les
3034 3935 53 30 dix
3113 3944 130 30 paragra-

2519 3981 76 38 phes
2626 3981 37 31 de
2688 3984 46 27 oit
2761 3978 107 31 article
2898 3980 67 27 sont
3004 3976 260 30 successivement

2520 4023 126 37 adoptés
2688 4028 71 22 sans
2791 4023 86 26 autre
2921 4015 211 32 modification
3168 4015 96 37 qu'un

2520 4061 216 32 amendement
2750 4057 116 33 Jourde
2878 4056 151 39 stipulant
3050 4063 60 30 que
3119 4056 31 28 la
3165 4054 99 38 prima

2523 4109 38 24 ce
2572 4109 113 31 pourra
2701 4097 167 33 descendre
2885 4106 39 20 au
2942 4096 128 31 dessous
3087 4096 37 28 de
3138 4095 20 30 0
3172 4095 37 28 fr.
3228 4094 37 28 25

2523 4149 77 31 pour
2628 4141 44 31 les
2700 4147 131 31 vapeurs
2858 4137 144 38 jaugeant
3031 4135 70 33 plus
3126 4133 139 33 de7.OCO

2523 4187 169 22 tonneaux.

2562 4220 168 34 Toutefois,
2748 4226 39 22 on
2803 4226 18 21 a
2839 4215 133 38 renvoyé
2988 4215 18 30 à
3020 4214 30 31 la
3067 4213 200 32 commission

2528 4260 81 31 deux
2622 4259 231 32 amendements
2883 4256 37 31 4e
2948 4254 45 31 M.
3022 4253 115 32 Actide
3169 4252 98 39 8,y.-r

2525 4300 73 28 dont
2613 4299 80 30 voici
2709 4299 27 30 le
2750 4305 70 22 sens
2839 4305 8 21 :

2568 4341 59 30 Sur
2642 4338 129 32 l'article
2786 4336 19 30 6
2818 4335 99 32 relatif
2930 4343 60 20 aux
3008 4333 113 38 primes
3139 4333 52 30 des
3203 4331 66 31 vois

2528 4380 81 35 liers,
2624 4380 21 30 il
2657 4388 21 28 y
2694 4387 18 21 a
2726 4385 43 22 un
2781 4375 195 39 paragraphe
2991 4371 18 31 3
3022 4374 54 37 qui
3089 4372 115 38 stipule
3211 4380 59 30 que

2528 4422 27 28 le
2574 4423 74 26 taux
2676 4419 38 30 de
2741 4417 31 30 la
2794 4415 149 39 première
2970 4416 99 26 année
3097 4421 39 20 ne
3154 4420 115 28 poorra

2529 4459 167 31 descendre
2720 4456 185 31 an-dessous
2935 4454 38 30 da
3004 4454 14 27 1
3047 4453 38 30 fr.
3104 4452 45 30 M.
3171 4452 98 37 Bjyer

2529 4498 154 32 demande
2696 4498 31 28 la
2743 4494 201 39 suppression
2969 4493 37 31 de
3030 4500 34 22 ce
3080 4491 190 39 paragraphe

2531 4538 151 33 limitatif.

2569 4578 120 30 L'antre
2701 4574 216 31 amendement
2933 4574 44 30 est
2993 4571 80 31 ainsi
3089 4578 98 28 conçi
3204 4578 7 21 :

2565 4643 45 27 En
2626 4643 100 27 dehors
2741 4638 48 28 des
2806 4646 46 20 oas
2883 4637 172 27 accidentels
3084 4637 28 26 et
3139 4636 33 26 de
3201 4636 74 26 foroe

2533 4680 136 33 majeure,
2683 4677 112 32 lorsque
2811 4675 28 27 la
2854 4674 105 27 vitesse
2989 4678 142 26 moyenne
3159 4670 117 27 réalisée

2532 4722 48 19 sur
2595 4714 27 27 1*
2636 4719 131 28 parcours
2783 4716 61 20 sera
2858 4709 152 26 intérieure
3038 4708 17 26 à
3081 4706 17 26 7
3113 4706 109 30 rœudg,
3253 4706 22 27 il

2533 4757 34 19 ne
2582 4755 61 19 sera
2656 4747 72 34 payé
2744 4752 110 21 aueune
2869 4742 93 35 prime
2974 4749 8 25 ;
3012 4741 25 27 si
3065 4741 54 27 elle
3135 4743 41 24 est
3201 4741 61 26 infé-

2533 4785 91 27 rieure
2637 4785 17 26 à
2667 4781 17 27 6
2701 4780 109 30 nœuds,
2826 4780 54 26 elle
2896 4787 35 19 ne
2943 4786 61 19 sera
3031 4785 54 27 qme
3113 4776 69 27 d'un
3211 4775 50 27 cin-

2533 4820 124 34 quième.
2688 4817 44 28 En
2769 4814 151 31 revanche,
2948 4813 24 26 si
3007 4813 54 26 elle
3093 4812 118 34 dépasse
3243 4811 33 27 14

2535 4854 109 31 noeuds,
2661 4853 28 27 la
2707 4852 92 33 prime
2828 4858 61 19 sera
2914 4850 94 26 élevée
3035 4848 39 26 du
3102 4846 175 34 cinquiâme,

2535 4891 46 26 s'il
2597 4897 34 19 ne
2646 4889 83 34 s'agit
2744 4886 33 26 de
2800 4884 155 35 paquebots
2982 4891 37 20 au
3046 4881 74 35 sujet
3150 4883 128 33 desquels

2535 4926 47 27 des
2598 4922 188 30 conventions
2802 4920 122 33 postales
2937 4920 65 26 sont
3017 4925 34 19 en
3067 4919 129 33 vigueur.

2577 4983 44 31 M.
2639 4981 148 32 Carnaud
2802 4978 84 31 avait
2910 4977 170 34 développé
3107 4984 43 21 uu
3175 4983 90 20 amen

2537 5023 123 31 dament
2675 5022 126 30 tendant
2817 5021 17 27 i
2849 5017 149 31 aitriburr
3015 5015 35 31 10
3064 5014 52 37 o[o
3146 5015 52 31 des
3216 5014 46 39 pri-

2539 5072 63 21 mes
2620 5066 18 26 k
2649 5057 254 41 l'augmentation
2919 5057 52 31 des
2988 5056 126 30 salaires
3126 5054 52 32 des
3195 5054 66 37 équi-

2539 5111 104 31 pages.
2660 5100 81 31 Mai*
2758 5099 45 30 M.
2819 5099 38 30 de
2871 5096 159 31 Laaessan
3046 5094 54 31 fait
3113 5101 163 31 repousser

2539 5147 46 26 cet
2611 5140 219 31 amendement
2858 5146 53 30 par
2943 5138 32 27 la
3011 5135 103 30 raison
3129 5141 60 31 que
3224 5141 57 22 son

2539 5180 146 39 adoption
2701 5177 237 33 bouleverserait
2954 5178 81 27 toute
3061 5178 86 26 notre
3161 5173 107 38 législa-

2541 5224 76 30 tion.

2580 5261 46 31 La
2642 5261 109 30 séance
2765 5261 45 27 est
2825 5256 84 31 levée
2923 5256 18 27 à
2954 5252 77 31 midi
3047 5251 38 32 10
3109 5256 28 27 et
3152 5251 31 31 la
3206 5251 79 32 mite

2542 5302 38 30 de
2594 5302 31 28 la
2639 5297 175 33 disoussion
2828 5298 45 28 est
2885 5295 150 37 renvoyée
3051 5295 17 27 à
3084 5291 100 31 lundi.

2701 5373 124 28 SÉ4NCK
2850 5379 40 21 SB
2911 5369 126 31 L'APRÈS
3056 5375 67 22 MIDI

2584 5414 45 32 La
2644 5414 110 31 séance
2769 5419 45 25 est
2829 5413 123 28 ouverte
2976 5411 20 28 à
3009 5408 19 30 2
3044 5408 31 30 h.
3093 5407 57 35 I\2,
3170 5415 71 22 ions
3257 5407 28 30 la

2545 5454 178 40 présidence
2739 5453 38 30 de
2792 5452 45 28 M.
2856 5448 185 35 Dsschanel,

2585 5493 125 31 L'ordre
2726 5493 41 28 du
2781 5492 69 37 Jour
2865 5489 120 38 appelle
3000 5490 31 27 la
3058 5486 175 31 disouision
3249 5485 37 32 de

2545 5535 167 37 l'emprunt
2722 5530 131 32 ohinois.

2585 5572 46 31 M.
2650 5571 150 31 Hubbard
2816 5578 18 19 a
2850 5570 30 28 la
2903 5568 104 38 parole
3034 5575 77 27 pour
3139 5565 150 38 répondre

2548 5614 86 30 -dit-U
2663 5615 18 26 k
2720 5609 83 31 MM.
2819 5607 347 33 Waldect-Rousseau,
3202 5603 64 31 CMI-

2548 5654 74 30 laux
2634 5655 28 26 et
2678 5649 104 31 Ribot.
2802 5648 26 31 Il
2855 5648 164 31 maintient
3046 5654 47 22 ses
3122 5646 167 37 premières

2549 5691 165 32 assertions
2730 5699 38 21 en
2783 5688 84 38 dtpii
2882 5688 38 30 de
2947 5686 273 35 l'argumentation
3248 5683 38 30 de

2551 5732 45 30 M.
2613 5727 351 33 Waldeck-Rousseau,
2980 5730 193 26 notamment
3187 5733 40 19 su
3241 5732 35 20 su

2549 5772 41 38 Jgt
2606 5772 53 28 des
2683 5777 170 21 massacres
2880 5766 188 38 d'étrangers
3094 5764 53 32 qui
3177 5765 52 27 ont
3254 5771 38 21 eu

2550 5811 63 30 lieu
2628 5812 94 26 avant
2734 5810 31 27 la
2780 5807 81 37 prise
2876 5806 52 30 des
2954 5805 76 30 forts
3044 5804 38 30 de
3096 5802 110 30 Takou
3219 5806 30 25 et
3262 5803 31 27 la

2552 5850 124 31 marche
2691 5849 53 28 des
2760 5846 89 30 alliés
2865 5854 51 20 sur
2930 5844 107 30 Pékin.
3057 5843 26 28 Ii
3099 5844 118 34 impute
3231 5850 60 20 aux

2554 5888 234 33 missionnaires
2802 5884 81 31 l'état
2898 5884 38 30 de
2949 5883 118 30 trouble
3092 5882 38 28 de
3155 5880 139 35 l'empire

2554 5928 132 31 ohineis.
2705 5927 25 30 Il
2746 5924 131 37 critique
2890 5923 28 30 le
2933 5922 89 31 motif
3035 5922 38 30 de
3094 5920 198 38 l'expédition

2552 5973 30 26 et
2596 5969 44 30 Ici
2656 5968 167 33 avantage!
2839 5962 94 38 qu'on
2949 5966 45 27 est
3022 5961 90 30 censé
3139 5967 39 22 eu
3206 5959 87 31 avoir

2554 6008 102 31 retiré.

2595 6046 159 31 L'orateur
2766 6041 145 32 oontinue
2921 6048 52 21 sur
2988 6047 34 24 ce
3035 6044 61 31 ton,
3111 6047 13 21 s
3137 6041 159 35 attaquant

2555 6094 61 22 aux
2637 6085 105 32 ordres
2758 6083 149 37 religieux
2923 6079 76 38 qu'il
3015 6078 136 32 l'étonné
3180 6077 117 32 d'avoir

2558 6135 40 22 vi
2628 6124 146 33 défendre
2797 6130 56 31 par
2876 6122 44 28 M.
2947 6117 348 33 Waldeok-Rouuaaa.

2591 6181 46 28 M.
2656 6182 34 27 de
2705 6180 117 31 Baudry
2835 6176 131 27 d'Aison.
3200 6182 18 20 a
3231 6172 66 28 bien

2559 6216 63 28 fait.
2637 6215 56 30 S'il
2708 6214 118 37 agissait
2843 6211 33 27 de
2895 6211 94 26 même
3017 6217 34 20 sa
3080 6209 118 32 France,
3228 6215 70 20 noui

2558 6252 143 27 votsrioßi
2717 6256 66 21 avec
2798 6248 53 27 lui.

2594 6287 44 26 M.
2666 6283 171 30 Dssohanal.
2922 6280 44 27 Ne
2992 6280 129 34 préjigex
3150 6287 48 26 pai
3221 6278 63 35 (sou-

2559 6320 91 31 rire*).

2600 6371 45 30 M.
2662 6367 151 33 Hnbbard
2829 6365 122 40 parlant
2966 6364 38 32 de
3018 6365 70 38 plm
3100 6372 39 24 en
3165 6365 70 37 plus
3260 6371 40 21 an

2562 6409 109 32 milieu
2683 6410 44 31 dn
2743 6409 91 34 bruit,
2851 6407 28 30 le
2903 6404 157 40 prOident
3087 6411 118 32 engage
3228 6410 72 22 tant

2562 6450 105 30 mocéi
2682 6450 44 31 lei
2743 6448 126 39 députéa
2885 6446 17 30 à
2916 6451 100 25 oesier
3031 6444 81 32 lenri
3139 6450 148 24 conversa

2567 6489 92 32 tiaui.

2541 6535 6 26 1
2602 6528 99 37 Après
2717 6528 45 31 M,
2781 6523 156 34 Waldeok
2955 6522 171 37 Rouiieau,
3143 6522 45 32 M.
3215 6520 86 32 Hub-

3311 1486 41 30 M.
3367 1486 118 30 Cbarlei
3502 1482 137 28 Bernard.
3703 1482 79 26 Vous
3809 1488 66 20 avez
3900 1480 69 28 oalle
3984 1480 34 27 du

3276 1521 43 28 M.
3335 1521 109 28 Monls.
3458 1521 40 34 Ça
3514 1520 59 27 doit
3587 1526 70 20 TOUS
3672 1518 103 28 suffira.

3317 1584 45 30 M.
3380 1583 138 31 Bernard
3533 1585 45 28 est
3593 1580 125 38 rappalé
3731 1583 17 26 à
3761 1579 123 30 l'ordre.

3318 1623 45 30 M.
3381 1624 196 34 Doumergue
3593 1620 44 30 dit
3663 1619 76 39 qu'il
3761 1628 20 28 y
3804 1628 19 21 a
3847 1619 156 28 contradic-

3279 1663 63 28 tion
3351 1668 85 25 entre
3450 1663 30 28 la
3494 1661 149 38 politique
3654 1658 163 32 intérieure
3829 1658 37 31 de
3876 1658 43 28 M.
3933 1658 67 30 Wal-

3279 1702 259 31 dcck-Rousseau
3561 1706 28 25 ei
3615 1708 47 21 sss
3687 1697 206 32 déclarations
3928 1697 38 31 de
3991 1698 31 28 la

3279 1742 92 31 Taille
3387 1752 6 25 ;
3410 1742 22 28 il
3449 1740 126 39 prétend
3589 1748 60 28 que
3666 1737 27 31 la
3706 1737 185 31 convention
3912 1736 110 30 Favier

3279 1787 46 26 est
3339 1782 202 35 dangereuse,
3556 1789 39 21 en
3619 1787 34 21 oe
3667 1787 71 21 sens
3752 1778 112 38 qu'aile
3878 1776 145 31 soustrait

3281 1824 43 30 les
3337 1821 146 30 missions
3498 1822 18 26 i.
3529 1821 30 27 la
3581 1818 197 39 dépendance
3791 1817 53 31 des
3861 1817 159 38 légations,

3281 1871 59 28 que
3354 1869 35 22 ce
3407 1869 59 30 que
3482 1860 65 30 (ont
3560 1860 43 30 les
3619 1857 146 31 missions
3781 1860 44 26 est
3841 1857 151 30 contraire
4006 1857 19 28 à

3282 1899 252 38 l'émancipation
3555 1899 38 30 de
3614 1897 116 38 l'esprit
3745 1896 130 31 humai»
3892 1894 40 38 (?)
3948 1896 57 37 (Ex-

3282 1939 208 35 clamations).

3322 1981 45 30 M.
3386 1980 105 31 Lasies
3507 1978 237 38 ironiquement.
3830 1976 73 30 Tr*s
3934 1976 70 31 bien
4017 1974 7 31 1

3283 2019 129 40 (Rires).

3324 2060 158 31 L'orateur
3504 2056 131 33 c.ierohe
3658 2056 118 32 ensuite
3804 2056 17 30 à
3849 2055 113 31 exciter
3998 2055 30 30 la

3285 2099 156 32 Chambre
3465 2102 104 27 oontre
3593 2098 43 31 las
3661 2095 157 35 missions,
3837 2095 78 31 mais
3941 2095 21 30 il
3991 2102 38 21 Ta

3285 2145 69 33 trop
3366 2140 65 31 loin
3452 2143 30 27 et
3504 2137 196 38 soulèveras
3726 2134 302 39 applaudissements

3286 2180 157 38 irohiquii
3451 2179 44 31 La
3503 2178 156 31 Chambre
3667 2177 132 30 s'amuse
3807 2178 220 28 énormément.

3327 2219 45 31 M.
3391 2219 104 38 Oenys
3511 2218 120 31 Coohin
3646 2217 97 37 prend
3769 2217 30 28 la
3813 2213 106 39 parole
3934 2216 87 37 après

3289 2258 44 32 M.
3352 2259 207 37 Donmergue.
3588 2257 26 30 Il
3637 2256 116 30 félicite
3782 2255 45 30 M.
3856 2254 168 31 Waldeok-

3289 2298 163 31 Rousseau
3478 2298 38 30 de
3544 2306 56 21 son
3628 2296 141 30 discours
3798 2294 110 30 d'hier.
3947 2293 81 30 Mais

3289 2336 151 40 pourquoi
3454 2336 85 31 a-t-il
3560 2336 45 30 dit
3621 2335 74 37 qu'il
3712 2343 39 21 ne
3778 2333 106 31 restait
3911 2333 67 31 rien
3993 2333 38 31 de

3291 2379 31 30 la
3335 2376 208 39 personnalité
3557 2375 150 31 humaine
3722 2374 74 30 chez
3820 2373 54 31 des
3889 2372 143 31 hommes

3291 2420 52 35 qui
3359 2417 138 31 donnent
3511 2417 65 30 leur
3591 2417 47 28 vie
3654 2421 77 31 pour
3744 2415 67 28 leur
3827 2421 77 28 pays
3915 2412 18 28 ?

3332 2457 48 31 En
3394 2465 34 21 ce
3451 2456 53 38 qui
3520 2463 148 22 concerne
3697 2454 178 35 l'emprunt,
3889 2451 145 31 l'oratacr

3293 2506 38 22 ne
3343 2499 26 28 le
3379 2500 105 26 volera
3501 2504 65 30 pas,
3586 2503 90 30 parce
3692 2493 73 38 qu'il
3794 2492 77 30 n'est
3899 2499 56 30 pas
3985 2493 38 27 né

3293 2537 145 30 cossaita.
3456 2535 43 31 Le
3524 2535 105 31 devoir
3658 2533 43 30 du
3723 2535 242 35 gouvernement
3990 2535 46 26 est

3294 2578 37 28 de
3352 2576 146 31 défendre
3523 2576 44 28 les
3596 2572 145 32 missions
3768 2577 28 25 et
3823 2571 38 31 de
3885 2571 44 31 les
3958 2571 78 30 faite

3295 2617 191 30 rembourser
3503 2623 56 28 par
3578 2615 27 28 le
3628 2614 242 35 gouvernement
3898 2610 137 30 chinois.

3296 2656 26 30 Il
3338 2656 76 30 n'est
3430 2663 56 28 pas
3501 2656 37 27 de
3554 2655 43 27 les
3611 2653 194 30 rembourser
3820 2650 44 30 lui
3882 2649 111 32 même.

3335 2695 45 30 M.
3400 2695 104 37 Denys
3530 2693 122 31 Cochin
3674 2700 39 21 ne
3741 2695 105 26 votera
3875 2689 78 31 dons
3983 2698 56 28 pas

3296 2735 178 38 l'emprunt.

3337 2774 45 31 M.
3402 2774 139 31 Pellelan
3555 2780 39 22 ne
3619 2773 28 28 le
3663 2774 103 26 votera
3781 2778 54 28 pas
3863 2778 64 21 non
3956 2769 80 38 plus,

3296 2819 94 33 ayant
3405 2813 107 32 inscrit
3540 2813 31 30 la
3599 2812 132 28 iormule
3746 2818 13 20 «
3778 2818 56 30 pas
3860 2809 177 31 d'emorunt

3298 2862 170 22 nouveau»
3484 2852 78 31 dans
3576 2859 56 22 ion
3643 2857 208 32 programme.
3867 2848 46 31 M.
3931 2848 109 31 Ernest

3300 2895 106 30 Roohe
3420 2900 169 31 approuve.

3340 2934 45 30 M.
3402 2933 107 31 Lasies
3537 2940 38 22 na
3604 2931 28 28 le
3663 2934 104 25 votera
3796 2936 54 25 pas
3882 2928 69 37 plus
3980 2935 61 28 que

3301 2974 83 30 MM.
3405 2974 146 32 i'elletan,
3567 2970 107 31 Roche
3687 2976 28 22 ei
3732 2968 133 34 Cochiu,
3882 2967 143 37 l'agtioul

3302 3020 77 27 tura,
3415 3013 45 28 dit
3474 3012 34 34 il,
3536 3019 38 22 ne
3605 3014 136 34 pouvant
3772 3012 162 34 supporter
3966 3009 76 27 cette

3302 3054 144 30 nouvelle
3461 3053 123 34 charge.

3343 3093 45 30 M.
3406 3092 128 34 Kraniz,
3549 3093 27 27 le
3592 3093 113 28 votera,
3724 3087 54 37 lui,
3790 3086 79 32 mais
3881 3094 72 22 sans
3967 3086 57 30 don-

3304 3141 53 24 ner
3372 3141 34 21 sa
3420 3130 159 31 ooofi&nce
3595 3138 39 20 au
3647 3131 255 34 gouvernement.

3344 3171 44 31 La
3404 3171 175 30 discussion
3594 3170 143 34 générale
3749 3171 45 26 est
3815 3168 93 28 close.

3345 3213 45 30 M.
3407 3211 126 31 Sembat
3549 3210 151 28 demande,
3717 3210 28 26 le
3757 3208 106 28 renvoi
3879 3206 38 31 de
3933 3207 30 27 la
3978 3204 53 30 dis-

3305 3253 125 30 cussion
3444 3252 52 28 des
3510 3250 122 28 articles
3646 3247 123 38 Jusqu'à
3783 3255 34 21 ce
3833 3254 59 28 que
3921 3247 27 27 le
3974 3253 59 25 gou

3307 3294 178 27 vernement
3498 3289 43 28 ait
3556 3288 222 37 communiqué
3791 3288 44 27 tes
3852 3286 102 37 pièoss
3970 3286 74 28 dont

3307 3332 21 30 il
3344 3340 18 20 a
3377 3332 70 32 déjfc
3461 3330 96 37 parlé.

3346 3370 45 30 M.
3407 3367 341 32 Waldeck-Rousisau
3764 3364 141 38 s'npposp
3920 3372 39 21 au
3974 3371 56 22 ren-

3309 3411 47 28 voi
3377 3410 52 38 qui
3444 3413 45 26 est
3513 3407 145 38 repoußsô
3685 3413 54 30 par
3763 3404 57 30 363
3843 3403 72 30 voix
3940 3406 109 26 centre

3308 3450 69 31 2C4.

3348 3490 50 30 Oa
3413 3493 67 26 vote
3493 3487 118 31 ensuite
3627 3494 53 30 p*r
3696 3484 60 31 358
3861 3487 104 25 contre
3993 3481 56 31 183

3311 3530 27 30 le
3354 3536 130 27 passage
3498 3529 17 27 à
3530 3528 30 28 U
3576 3526 176 31 disaussiou
3765 3524 53 28 d'.s
3834 3523 135 28 articles.

3351 3569 50 30 M.
3423 3567 137 31 Ferrand
3576 3567 112 35 déposa
3704 3572 43 21 un
3769 3563 220 30 amendement
4019 3559 22 31 fi-

3312 3615 74 24 xant
3400 3608 169 35 l'emprunt
3593 3607 18 27 b.
3633 3604 58 30 205
3712 3602 138 30 millions
3878 3606 28 25 di
3922 3609 30 19 >a
3974 3605 78 26 suite

3314 3650 35 30 de
3365 3651 30 26 ia
3410 3647 177 30 disoutsion
3601 3650 45 24 est
3660 3647 151 33 renvoyée
3826 3644 17 25 i.
3857 3641 99 28 lundi.

3354 3687 45 30 La
3412 3689 110 28 séanoe
3537 3689 45 26 est
3596 3685 84 28 levée
3696 3686 18 25 à
3726 3681 20 30 6
3764 3686 30 24 h.
3811 3680 48 31 20.

3322 3784 255 69 FAITS
3638 3783 122 67 DU
3817 3781 241 67 JOUR

3356 3907 123 31 Noces
3501 3904 167 37 d'argent
3698 3900 47 31 de
3767 3900 84 37 Mgr
3876 3898 141 32 Coulliè

3359 3957 99 37 Lyon,
3475 3953 38 30 21
3529 3952 177 32 novembre.
3778 3948 59 30 Les
3862 3956 91 22 noces
3980 3947 64 30 d'ar-

3319 4002 72 33 gent
3406 3997 38 28 de
3470 3993 72 37 Mgr
3568 3991 112 32 Couilé
3707 3992 52 27 ont
3783 3997 38 22 eu
3849 3987 64 30 lieu
3934 3987 111 37 aujour

3319 4035 100 33 d'hui.

3361 4075 51 31 Un
3433 4072 41 31 Tt
3488 4070 102 32 Deum
3604 4070 137 31 solennel
3757 4076 17 20 a
3789 4069 47 28 été
3850 4067 111 30 ohanté
3987 4068 19 27 à
4035 4065 31 31 la

3321 4115 188 31 oathédrale.
3546 4110 70 31 Une
3638 4110 81 30 foule
3744 4109 152 28 immense
3918 4115 19 27 y
3974 4106 79 30 assis

3324 4155 65 32 tait.

3363 4194 64 31 Son
3444 4192 171 30 Eminence
3641 4198 18 20 a
3694 4194 72 27 reçu
3794 4187 44 28 les
3869 4185 197 31 félicitations

3326 4235 53 30 des
3394 4233 148 31 autorités
3591 4230 19 30 3
3625 4230 120 30 heures.

3541 4278 50 30 Le
3621 4274 89 39 prix
3737 4272 118 32 Osiris

3367 4324 98 33 Paris,
3491 4323 37 30 21
3539 4322 176 31 novembre.
3784 4317 45 31 M.
3848 4317 136 31 Camille
4002 4316 50 31 Pel-

3326 4368 81 28 letan
3431 4363 56 31 fait
3513 4371 37 20 an
3576 4370 34 19 ce
3635 4363 137 26 moment
3793 4359 52 27 des
3873 4356 198 30 dém*rchors

3328 4407 76 28 dans
3419 4406 28 28 le
3464 4403 52 28 but
3530 4401 125 30 défaire
3671 4400 148 30 attribuer
3831 4400 28 27 le
3876 4404 67 28 prix
3958 4393 111 37 Csiris,

3327 4448 17 26 &
3360 4443 157 31 l'éminent
3533 4441 163 30 inventeur
3712 4437 53 31 des
3782 4444 71 22 sous
3874 4435 131 34 marins,
4025 4435 46 30 M.

3328 4482 184 38 l'ingénieur
3529 4480 132 31 Goobet.

3367 4594 54 65 A
3468 4585 569 74 L'ETRANGER

3570 4696 261 39 PORTUGAL

3419 4744 209 34 Religieux
3648 4741 174 35 français
3837 4737 155 37 lapidés

3367 4792 156 28 Lisbonne,
3537 4788 32 27 21
3587 4786 164 28 novembre.
3827 4782 80 30 Seize
3935 4782 141 33 religieux

3333 4827 155 33 débatquéa
3503 4826 39 26 du
3557 4822 141 34 paquebot
3720 4819 126 34 françai*
3872 4820 17 26 l'
3892 4818 184 33 Atlantique,

3334 4866 51 24 ont
3398 4864 44 25 été
3456 4859 146 28 aotueillia
3620 4860 14 24 k
3650 4864 87 26 coup»
3751 4856 33 26 de
3802 4853 105 34 pierre»
3922 4861 50 25 par
3990 4853 26 26 la
4030 4860 32 25 po-

3335 4899 109 34 pulace,
3459 4899 28 25 et
3500 4896 38 27 ils
3549 4894 50 27 ont
3614 4892 38 27 dt
3666 4899 28 20 se
3710 4890 183 34 remarquer
3905 4896 8 24 ;
3930 4889 60 27 l'un
3999 4887 83 27 d'eux

3335 4943 17 19 a
3366 4935 44 26 été
3424 4932 100 27 blusé.

3371 4968 39 28 Le
3424 4964 144 37 capitaine
3583 4964 38 26 du
3638 4959 141 37 paquebot
3794 4968 15 20 a
3824 4958 111 30 adruaé
3952 4965 57 21 uns
4036 4958 28 27 ré-

3337 5002 155 31 clamation
3509 5008 34 20 au
3559 4998 99 28 oonaul
3672 5001 34 22 de
3722 4997 119 26 France.

3549 5043 326 40 ANGLETERRE

3441 5095 51 26 Le
3508 5093 74 27 dur
3596 5092 203 26 d'Orléans
3815 5093 40 24 et
3866 5088 37 26 le
3918 5087 61 26 roi

3576 5126 269 32 d'Angleterre

3373 5176 135 27 Londres,
3523 5171 33 28 21
3572 5171 165 27 novembre.
3813 5167 40 27 Le
3867 5167 54 26 duo
3935 5164 150 28 d'Orléans

3339 5219 60 19 «era
3415 5217 65 25 reçu
3495 5215 50 27 par
3559 5206 131 28 Edonerd
3715 5204 56 28 VII
3785 5204 71 26 dans
3872 5203 26 25 le
3911 5203 119 25 eîurant
4054 5200 33 26 de

3339 5245 155 28 décembre.
3520 5243 25 27 Il
3567 5242 47 27 n'a
3628 5241 74 27 fallu
3722 5241 63 26 rien
3800 5237 94 28 moin»
3909 5243 53 27 que
3977 5235 97 28 l'intar-

3340 5281 117 27 vention
3481 5280 33 26 de
3535 5278 169 32 l'empereur
3725 5274 154 27 d'Autiehe
3894 5278 70 27 pour
3979 5270 43 28 lui
4036 5269 34 31 ob-

3340 5316 76 28 tenir
3431 5322 30 20 sa
3474 5311 228 28 réconciliation.

3598 5355 226 39 ESPAGNE

3513 5404 214 32 Expleilen
3744 5398 168 31 terrible

3567 5435 15 2 K

3377 5451 126 32 Madrid,
3531 5448 33 27 21
3594 5447 164 28 novembre.
3835 5444 26 26 A
3878 5443 40 27 La
3947 5443 135 33 Corogne,

3344 5489 71 26 dans
3430 5494 57 19 une
3500 5492 115 20 caserne
3630 5480 175 31 d'artillerie,
3831 5486 54 19 one
3908 5480 159 31 épouvanta-

3346 5522 45 31 ble
3407 5522 148 34 explosion
3572 5520 65 26 s'est
3653 5515 130 38 produite
3813 5513 125 34 pendant
3965 5520 54 27 que
4048 5513 39 26 J»

3345 5559 105 27 soldats
3467 5556 107 28 étaient
3586 5554 117 33 ocoupés
3719 5554 15 25 k
3750 5550 80 27 vider
3844 5549 46 26 des
3906 5548 175 27 carionahes.

3377 5593 83 28 Troi»
3474 5593 65 26 sont
3554 5593 87 25 morts
3652 5590 27 25 et
3693 5587 34 26 17
3738 5587 64 26 sont
3817 5583 104 30 blessés
3946 5582 142 37 plusieurs

3344 5629 188 32 grièvement.
3914 5652 9 9 ,
3984 5652 30 9 „
4031 5652 9 9 ,
4080 5652 8 6 .

3380 5663 47 27 Un
3454 5660 132 30 inesndie
3614 5657 109 27 violent
3749 5656 64 26 s'est
3841 5655 113 27 ensuite
3981 5652 107 27 déolaré

3346 5698 71 30 dans
3431 5698 27 28 le
3474 5699 72 25 reste
3559 5695 39 26 du
3620 5692 154 28 bâtiment.

3352 5792 69 63 La
3464 5789 191 66 Guerre
3702 5786 66 64 du
3804 5781 265 69 Transvaa!

3350 5908 50 27 Le
3415 5906 104 34 parti
3533 5903 145 28 libéral
3702 5901 164 33 anglais.
3941 5900 54 26 Us»
4010 5900 61 26 tll»

3384 5947 117 21 cours
3528 5941 138 25 contre
3691 5939 34 26 M
3767 5934 287 31 Chamberlain.

3445 5978 52 26 La
3511 5974 184 33 question
3711 5973 70 27 des
3798 5969 194 28 corsaires

3386 6065 90 34 Batb,
3489 6063 32 27 21
3539 6061 163 28 novembre.
3765 6058 50 30 Sir
3826 6057 100 35 Henry
3938 6056 154 35 Campbell

3352 6100 211 28 Barnnerman,
3580 6098 115 35 parlant
3710 6096 70 27 hier,
3797 6093 71 27 dans
3894 6100 38 20 nn
3954 6093 135 34 meeting,

3352 6137 33 26 de
3400 6136 27 28 la
3443 6135 145 27 mortalité
3602 6133 70 27 dans
3689 6133 39 26 le»
3741 6136 99 26 oamps
3865 6128 33 27 de
3926 6130 149 26 conosntra-

3352 6171 72 31 tion,
3438 6178 17 19 a
3469 6171 44 26 dit
3528 6175 6 18 :

3387 6203 197 37 L'bypoorisie
3599 6203 47 26 des
3661 6207 113 21 excuses
3803 6206 56 27 que
3881 6200 57 26 lon
3965 6200 126 32 présente

3353 6244 43 24 est
3410 6247 118 28 presque
3543 6239 65 34 pins
3622 6236 167 34 dégoûtante
3813 6241 56 27 que
3894 6234 40 27 les
3963 6234 129 27 oruaulés

3354 6276 203 27 elles-mSaiea.
3573 6273 25 27 Il
3612 6275 41 24 est
3677 6270 71 27 beau
3775 6269 34 27 da
3833 6269 124 27 disoater
3981 6275 110 20 comme

3356 6320 71 19 nous
3441 6313 26 26 la
3482 6311 107 26 faisons
3604 6317 33 19 en
3657 6305 168 34 Angleterre
3847 6312 50 20 sur
3924 6305 26 27 le
3977 6304 65 34 plus
4056 6311 35 19 ou

3356 6347 94 27 moias
3482 6341 194 32 d'autonomie
3704 6345 18 24 a
3756 6339 109 28 donaar
3905 6343 57 25 aûx
3994 6338 94 28 Boers.

3356 6381 105 34 Croyez
3478 6387 70 20 vous
3562 6385 54 28 que
3630 6379 60 24 tous
3705 6383 44 19 ces
3763 6381 69 28 gens
3847 6374 51 34 qui
3921 6376 50 26 ont
3990 6380 39 19 vu
4043 6372 33 26 dé-

3356 6420 94 25 vaster
3465 6417 73 26 leurs
3555 6415 111 28 ferme*,
3681 6410 125 28 détruire
3822 6411 74 26 leur»
3911 6410 103 33 foyers,
4030 6415 44 20 sco-

3356 6461 24 19 -0(
3391 6452 80 27 mbsr
3485 6452 73 25 leur»
3583 6448 118 26 femmes
3728 6448 27 26 at
3780 6446 76 27 leur»
3882 6445 124 28 enfants,
4023 6444 69 26 vont

3357 6496 30 20 sa
3399 6487 185 30 transformer
3611 6489 33 20 en
3673 6481 128 37 eitoyen*
3826 6481 135 32 heureux,
3985 6477 105 34 fldèlri,

3358 6523 138 28 oonflant»
3510 6521 27 27 at
3552 6514 151 33 oontente?

4103 1261 217 28 N'avons-nons
4337 1266 48 22 pas
4401 1258 133 27 incendié
4548 1264 67 19 sans
4631 1253 136 28 néeessilé
4782 1253 28 26 I«

4074 1305 107 19 maison
4198 1304 54 27 que
4277 1303 69 19 non»
4372 1302 70 18 nous
4467 1292 163 33 propasions
4645 1289 142 27 d'habiter
4801 1286 12 26 ?

4071 1331 77 28 Nous
4163 1338 125 19 lemœM
4312 1331 63 26 tons
4403 1330 64 25 fier»
4493 1328 39 26 da
4560 1332 70 26 rang
4656 1325 152 33 qu'oooupe

4071 1370 78 24 notre
4165 1374 70 27 p»y»
4248 1365 71 27 dans
4336 1365 25 26 le
4376 1364 111 30 monde,
4513 1364 64 25 loue
4600 1362 63 26 fler«
4678 1361 34 25 de
4728 1362 79 22 notre

4071 1403 89 31 grand
4174 1401 110 33 empire
4298 1408 13 25 ;■
4320 1407 70 20 nous
4406 1406 123 19 sommes
4552 1400 65 24 ton»
4642 1396 73 33 prit»
4729 1395 18 26 fc
4762 1393 32 26 dé-

4071 1437 97 27 fendre
4182 1444 43 18 »e»
4239 1436 117 26 intérêts
4374 1442 7 24 ;
4397 1441 70 19 «on»
4482 1439 124 20 nomma»
4623 1430 73 33 prêts
4711 1430 17 26 4
4746 1429 8 26 1
4766 1436 31 19 ac-

4072 1475 112 30 croître,
4200 1472 81 30 mais,
4299 1476 111 20 comme
4422 1468 130 27 libéraux
4565 1473 72 20 nom
4650 1473 34 19 ne
4695 1470 118 26 oroyon»

4075 1515 47 26 p*>
4135 1509 14 24 A
4167 1508 26 25 la
4209 1507 100 33 lanjtea
4331 1506 85 26 d«rée
4440 1507 27 22 et
4494 1509 57 21 aux
4576 1504 152 30 avantage»
4743 1499 69 26 d'un

4074 1543 109 34 empire
4206 1541 33 27 de
4265 1540 164 28 fltbu»tier»,
4447 1539 33 26 de
4505 1540 183 27 matamore»,
4713 1534 33 26 de
4766 1533 33 27 hâ-

4075 1579 93 26 bleur»
4193 1579 27 25 et
4247 1577 33 26 de
4310 1577 154 26 bravache»
4498 1571 315 34 (applaadi»»emeot»),

4075 1613 66 26 d'an
4156 1612 109 34 empire
4279 1611 51 34 qui
4351 1610 120 28 cherebe
4500 1616 41 19 »e»
4569 1606 117 26 intérêt»
4701 1612 34 19 eu
4752 1605 46 25 fou-

4076 1649 61 27 lant
4153 1655 56 20 aux
4227 1646 78 35 pieds
4320 1646 40 26 le»
4376 1644 87 27 droit»
4479 1644 27 26 et
4528 1644 111 26 mrtoat
4663 1642 40 26 le»
4720 1638 77 28 senti-

4078 1684 94 26 ment»
4187 1683 33 27 de
4234 1690 44 19 ses
4291 1681 122 27 voitins.

4110 1717 24 28 Il
4148 1726 17 19 a
4181 1717 51 33 plu
4251 1717 15 27 4
4283 1716 135 34 quelque*
4431 1715 144 33 journaux
4591 1711 161 27 adorateurs
4781 1709 34 27 de

4077 1754 28 27 la
4129 1754 72 26 force
4214 1755 28 24 et
4257 1750 189 28 admirateurs
4461 1749 46 26 des
4522 1746 224 30 rodomontade»,
4763 1749 56 28 que

4080 1789 54 27 l'on
4152 1788 120 26 confond
4291 1794 67 20 avee
4374 1787 26 26 le
4415 1782 189 35 patriotisme,
4619 1781 33 26 de
4676 1781 96 26 lancer
4804 1779 17 25 à

4078 1825 30 26 la
4123 1824 9 26 f
4136 1831 46 19 103
4196 1824 47 25 des
4259 1830 66 25 gens
4342 1820 145 33 l'épithète
4500 1819 34 26 de
4548 1825 14 18 «
4578 1817 79 28 Petit
4669 1814 124 34 Anglais
4806 1820 13 19 »

4078 1858 102 33 (Little
4193 1856 194 37 Mnylandtr),
4403 1856 33 26 de
4452 1854 143 33 partisan»
4623 1852 84 27 d'une
4735 1850 87 34 petite

4080 1894 175 33 Angleterre.
4272 1892 43 26 Eh
4329 1891 7 27 1
4359 1891 76 31 bien,
4454 1889 161 30 messieurs,
4643 1886 28 34 je
4700 1892 35 20 ne
4761 1884 60 28 suis

4082 1938 48 24 pas
4146 1937 39 19 un
4205 1929 69 33 petit
4285 1926 122 34 Anglais
4420 1932 7 25 ;
4441 1925 28 33 je
4485 1924 60 27 suis
4559 1931 40 18 un
4615 1920 72 28 vieil
4701 1920 123 33 Anglai»

4082 1963 71 33 (Old
4180 1962 191 35 Bnglander),
4402 1968 39 20 ua
4468 1958 129 35 partisan
4623 1957 34 27 de
4671 1957 28 27 la
4714 1955 102 28 vieille

4083 2000 176 34 Angleterre.
4617 2027 9 8 .

4116 2035 32 27 Je
4161 2034 72 33 mis,
4246 2041 35 19 en
4298 2031 74 28 effet,
4391 2030 128 35 partisan
4533 2029 48 26 des
4596 2027 113 28 vieilles
4740 2024 67 28 habi-

4083 2070 80 27 tudes
4179 2072 27 24 et
4220 2069 47 26 des
4278 2068 112 27 vieille»
4406 2066 152 28 tradition»
4572 2063 34 27 de
4620 2065 79 25 notre
4715 2061 110 27 nation,

4084 2105 151 28 habitude»
4248 2107 27 25 et
4294 2102 156 28 tradition»
4466 2100 193 27 débarrassée»
4674 2098 34 27 de
4730 2099 77 25 toute
4817 2104 13 18 s

4085 2141 40 27 les
4141 2143 90 25 treoss
4246 2140 34 26 de
4296 2138 152 35 privilèges
4463 2138 28 26 et
4506 2133 190 34 d'inégalité».
4717 2132 33 28 Je
4765 2131 64 28 suie

4087 2176 126 35 partisan
4230 2176 47 26 des
4291 2173 113 27 vieille»
4417 2173 87 33 régie»
4519 2172 34 27 de
4581 2167 139 30 reatitmde
4735 2169 28 26 et
4793 2166 37 27 da

4085 2210 102 30 liberté
4201 2209 327 35 (Applaudissements).

4120 2245 33 28 Je
4165 2254 35 18 ne
4213 2245 59 26 suis
4290 2251 48 27 paa
4354 2243 171 27 amouraché
4537 2242 47 26 de»
4598 2238 120 34 eripaux
4749 2238 65 26 flam-

4087 2282 122 33 boyants
4222 2281 69 26 dont
4304 2282 28 24 la
4345 2277 133 28 nouvelle
4493 2277 76 26 éoole
4584 2282 132 20 reeouvre
4730 2274 30 27 la
4774 2280 35 20 na-

4088 2316 60 27 tion
4162 2316 139 33 anglaise.
4317 2314 40 27 Le
4370 2313 76 27 désir
4474 2313 32 26 de
4534 2313 79 24 natre
4637 2316 78 20 eceur
4726 2310 41 25 est
4799 2307 34 26 de

4088 2340 71 38 ïaire
4174 2359 52 26 que
4243 2352 78 25 notre
4337 2356 70 26 p*ys
4422 2347 54 27 «oit
4493 2346 100 34 grand.
4610 2343 38 28 Le
4663 2350 104 25 moyen
4782 2342 50 33 d'y

4089 2388 119 30 arriver,
4225 2393 28 19 ce
4270 2387 70 25 n'est
4357 2392 48 25 pas
4421 2382 33 26 de
4479 2381 71 35 jetar
4578 2381 46 26 de»
4658 2378 111 35 regard»
4800 2378 33 25 da

4089 2420 167 27 conveitisa.
4272 2420 32 26 ni
4318 2419 143 27 d'étendre
4474 2421 46 21 des
4539 2415 94 27 mains
4651 2420 113 26 rapacaa
4781 2420 50 18 sur

4090 2457 40 27 les
4148 2454 154 30 territoires
4317 2454 46 26 de*
4378 2456 96 25 autras
4487 2453 124 33 peuple»,
4630 2450 31 26 ni
4675 2450 34 26 de
4728 2448 90 32 dépen-

4090 2499 44 19 ser
4148 2499 48 19 nos
4213 2491 131 27 millions
4359 2489 71 27 dans
4447 2487 46 27 des
4521 2487 152 27 aventure*
4702 2485 17 27 h
4731 2486 96 26 oourta

4094 2535 66 19 vue.

4243 2574 52 26 La
4313 2577 146 27 guerre
4480 2570 48 26 de
4548 2574 141 22 eoarae

4128 2617 41 28 La
4199 2617 93 33 Haye,
4325 2615 33 27 21
4402 2622 71 20 nove
4480 2614 91 28 sabre.
4656 2611 40 28 Le
4723 2611 116 26 docteur

4095 2654 104 33 Leyis,
4214 2654 170 27 interviewé
4401 2659 35 20 as
4452 2652 74 32 sujet
4541 2649 66 26 d'un
4632 2647 120 27 corsaire
4768 2648 57 25 rete-

4095 2698 39 18 nu
4149 2696 50 27 par
4213 2689 28 26 la
4257 2688 110 26 douane
4394 2687 71 26 dan*
4481 2687 39 25 les
4540 2683 87 27 docks
4650 2681 143 27 Vietoria,
4809 2683 27 22 el

4095 2733 53 26 que
4191 2724 139 27 certaines
4372 2720 198 28 insinuations
4617 2717 223 34 représentaient

4098 2767 110 19 comme
4220 2759 106 26 devant
4339 2757 81 27 avoir
4433 2757 41 26 été
4486 2757 70 25 frété
4569 2761 69 26 pour
4649 2751 196 34 lecomptedes

4096 2794 96 30 Boûrs,
4206 2802 34 19 en
4260 2792 144 35 prévision
4421 2792 85 26 d'une
4525 2797 98 27 guerre
4649 2787 33 27 de
4695 2793 105 21 sourie,
4828 2792 17 20 a

4097 2831 110 25 déolaré
4224 2830 72 33 qu'il
4311 2836 37 18 ne
4375 2826 180 27 connaissait
4583 2824 183 27 absolument
4780 2823 61 25 rien

4097 2864 50 37 qui
4167 2867 48 31 pût
4232 2864 152 33 permettre
4396 2862 33 27 de
4444 2861 119 34 prendre
4587 2867 37 20 au
4650 2857 111 27 sérieux
4788 2863 57 20 une

4098 2902 67 25 telle
4180 2900 204 26 information.

4134 2935 24 26 Il
4172 2939 40 22 est
4227 2934 163 27 convaincu
4403 2939 56 28 nue
4487 2931 40 26 les
4559 2929 89 28 Boërs
4672 2929 80 26 n'ont
4779 2927 60 27 rien

4100 2972 15 27 h
4130 2978 104 27 gagner
4253 2970 34 25 de
4302 2976 30 19 ce
4345 2969 60 25 côté
4421 2969 26 25 et
4463 2967 46 27 n'a
4526 2974 51 26 pas
4591 2965 86 27 oaobé
4708 2963 26 27 le
4757 2961 71 28 renti-

4101 3009 79 24 meul
4193 3006 33 26 de
4241 3004 123 27 ridicule
4378 3002 51 34 qui
4447 3000 118 35 pouvait
4594 2999 154 27 s'attacher
4765 3000 15 26 à
4796 3005 31 27 pa-

4101 3041 81 26 reille
4198 3039 190 32 supposition.

4224 3081 274 32 L'Angleterre
4518 3080 60 27 eat
4594 3079 22 26 k
4635 3079 94 25 bout

4139 3119 124 28 Londres
4289 3119 32 26 21
4339 3117 161 27 novembre.
4581 3115 40 28 Le
4649 3115 112 26 dernier
4776 3113 60 33 régi-

4104 3157 80 26 ment
4199 3157 33 25 de
4246 3152 142 31 cavalerie
4402 3151 174 34 disponible,
4603 3157 38 22 va
4739 3150 94 26 embar-

4104 3193 54 33 qué
4173 3191 17 26 h
4201 3190 174 27 destination
4393 3189 38 26 da
4447 3189 60 33 Cap

4140 3224 40 31 Li
4206 3224 90 35 Daily
4323 3222 78 30 Mail
4435 3223 126 26 constate
4577 3229 53 26 40e
4645 3222 40 26 les
4713 3220 118 32 puissan-

4106 3269 43 18 ce»
4173 3261 176 26 deviennent
4382 3260 117 26 hostiles
4531 3260 15 24 à
4578 3257 197 33 l'Angleterre.
4811 3254 38 27 Et

4108 3296 117 30 bientôt,
4243 3293 203 30 continu«-t-il
4460 3294 53 26 elle
4526 3300 60 19 sera
4597 3293 15 26 k
4623 3292 28 28 la
4667 3289 87 28 meroi
4769 3289 85 28 d'une

4106 3331 208 28 intervention.

4159 3397 266 64 L'élection
4462 3396 64 63 du
4564 3392 249 66 Finistère

4115 3516 76 26 (Jae
4220 3515 208 27 Interview
4449 3514 52 26 dn
4530 3520 20 19 c
4569 3511 146 33 Penplc
4742 3511 92 25 Fran-

4130 3552 81 34 çais
4222 3556 33 21 ».
4311 3549 274 26 DécUrallon*
4598 3548 48 25 <le
4659 3548 33 25 H
4715 3546 126 26 l'abbé

4135 3578 204 40 'Cnjraad.
4422 3586 71 25 tirs
4518 3587 180 28 attaque»
4724 3582 48 26 de
4787 3582 39 26 l«

4167 3627 137 28 prriie
4325 3620 267 26 uionarchlate
4688 3618 96 25 Pour-

4186 3657 92 33 quoi
4296 3663 50 18 on
4363 3663 22 18 a
4410 3656 90 24 TOlé
4518 3660 100 27 pour
4635 3653 41 25 M.
4701 3653 70 24 Par-

4201 3692 126 33 qnler.
4416 3690 51 27 Ce
4491 3696 77 27 que
4589 3689 83 26 doit
4685 3686 85 27 £tre

4257 3725 38 26 le
4311 3725 228 26 ralliement
4559 3724 163 26 alncèrc.

4161 3800 51 37 M.
4233 3801 111 35 l'abbé
4363 3800 176 43 Gayraud,
4572 3800 128 41 député
4733 3797 47 32 du
4799 3795 41 34 Fi-

4120 3847 139 37 nistère,
4280 3849 104 39 ayant
4400 3847 54 30 été
4475 3843 70 43 pria
4565 3846 19 30 à
4603 3842 110 43 partie
4731 3849 61 33 par
4814 3840 50 33 les

4119 3889 174 44 journaux
4311 3888 266 33 réactionnaires
4596 3895 80 24 avec
4710 3894 67 24 une
4804 3894 41 22 ex-

4122 3935 109 31 trême
4251 3933 152 33 violence
4419 3935 20 30 a
4455 3940 123 33 propos
4598 3931 41 32 de
4656 3928 32 34 la
4707 3927 155 34 dernière

4122 3978 148 34 •lection
4291 3976 215 37 sénatoriale,
4530 3985 45 22 «n
4605 3973 181 33 rédacteur
4818 3973 47 32 du

4126 4019 131 43 Peuple
4276 4019 176 39 Français
4481 4022 52 30 est
4552 4018 66 33 allé
4637 4017 227 41 l'interroger.

4168 4064 50 34 M.
4252 4064 110 35 l'abbé
4397 4063 165 44 Gayraud
4592 4071 19 25 a
4641 4062 61 33 fait
4733 4059 87 34 alors
4850 4063 20 30 a

4127 4113 99 30 notre
4240 4110 155 32 confrère
4415 4109 46 33 les
4482 4108 242 33 intéressantes
4755 4103 96 34 décla-

4128 4155 129 33 rations
4277 4162 67 33 que
4363 4152 90 35 voici
4466 4161 11 25 :

4161 4224 53 27 Lu
4228 4224 144 34 journaux
4383 4224 60 34 qui,
4461 4224 17 25 à
4494 4228 98 27 prepo*
4606 4221 34 26 de
4655 4218 143 30 l'élection
4825 4219 31 25 sé-

4128 4259 138 27 natoriale
4283 4259 33 26 de
4330 4259 156 27 dimanche
4500 4257 120 27 dernier,
4643 4261 71 20 noue
4737 4252 120 28 inariuii-

4128 4299 69 21 n*nt
4213 4302 66 20 avec
4298 4293 46 34 pin
4350 4302 13 18 a
4376 4300 37 19 oa
4429 4292 94 27 moin*
4532 4292 33 26 de
4576 4291 138 30 violence,
4728 4297 58 18 mas
4798 4289 74 26 ami»

4129 4335 26 22 et
4174 4330 67 28 mei,
4259 4338 35 18 ne
4317 4329 183 27 connaissait
4526 4335 48 26 pa*
4600 4326 30 26 la
4658 4324 139 27 situation
4826 4324 46 24 d«s

4130 4365 90 33 partis
4237 4364 73 26 dana
4325 4367 25 24 le
4365 4364 142 26 Finistère
4524 4367 26 21 et
4565 4363 64 25 sont
4657 4368 34 19 en
4709 4358 78 28 trai*
4814 4358 44 26 d'é-

4130 4408 79 26 garer
4225 4398 138 34 l'opinion
4383 4398 32 26 de
4431 4400 74 25 leari
4526 4397 131 26 lecteurs.

4166 4435 22 27 Il
4205 4435 70 27 n'est
4291 4442 47 24 pas
4354 4435 81 26 exasl
4449 4434 61 26 tant
4526 4430 122 30 d'abord,
4675 4436 53 27 que
4742 4428 44 27 M.
4802 4427 54 28 Por-

4131 4470 91 34 quier,
4239 4469 91 26 maire
4344 4470 32 25 de
4390 4468 152 33 Qaimper,
4559 4467 56 27 soit
4641 4474 12 14 «
4671 4462 171 30 ministériel
4859 4469 15 18 »

4131 4508 27 24 et
4174 4512 13 18 «
4204 4505 117 27 sectaire
4336 4512 25 19 ».
4376 4504 72 27 Loin
4467 4504 33 26 de
4513 4504 38 28 là,
4565 4501 24 27 il
4603 4508 17 19 a
4633 4501 54 26 tait
4702 4501 40 25 les
4774 4499 80 26 décla-

4131 4540 107 27 rations
4254 4540 40 26 lu
4311 4540 65 33 plus
4394 4541 89 25 nettes
4496 4540 27 25 et
4539 4539 39 25 les
4596 4538 63 32 plus
4682 4534 190 41 catégoriques

4131 4576 203 27 relativement
4350 4576 17 26 &
4381 4574 28 27 la
4424 4573 141 34 pelitiqne
4580 4572 38 26 dn
4644 4570 115 28 cabinet
4787 4567 64 27 Wal-

4133 4610 254 28 deelc-Millerand.
4404 4609 24 27 11
4443 4616 18 20 a
4474 4609 118 27 déolaré.
4609 4609 78 24 entre
4697 4609 93 24 antres
4806 4604 53 26 cho-

4135 4654 52 24 ses,
4205 4645 69 34 'jn'il
4290 4646 47 25 eût
4350 4645 73 26 voté,
4441 4651 67 20 aveo
4524 4642 77 28 MM.
4619 4641 110 27 Piohon
4746 4642 27 25 et
4787 4638 70 28 Delo-

4135 4682 79 30 btan,
4231 4683 97 25 contre
4342 4681 28 26 la
4387 4678 37 27 loi
4440 4687 47 18 sor
4502 4680 25 25 le
4539 4678 111 25 contrat
4663 4674 211 30 d'association,

4135 4716 71 34 qn'il
4220 4715 159 27 défendrait
4396 4714 124 34 toujours
4537 4713 40 27 les
4592 4710 90 27 droite
4709 4710 92 26 sacrée
4831 4708 47 27 dee

4137 4753 77 33 père*
4231 4752 33 25 de
4278 4749 113 27 famille
4406 4750 26 25 et
4442 4750 30 25 la
4481 4748 103 27 liberté
4593 4747 34 26 de
4637 4744 241 34 l'enseigeemsnt.

4136 4786 72 35 qn'il
4224 4785 163 35 réprouvait
4401 4782 272 30 l'anlimilitarism»
4687 4788 66 19 sons
4780 4781 92 25 toute»

4136 4830 44 19 as*
4194 4821 113 31 formes,
4324 4820 72 33 qu'il
4410 4820 112 26 voulait
4537 4826 56 19 «ne
4607 4815 141 35 politique
4761 4814 119 40 d|erlre,

4136 4857 34 26 de
4191 4857 78 33 paix,
4285 4856 33 26 de
4336 4853 187 31 modération,
4539 4853 34 26 da
4600 4851 139 27 véritable
4767 4848 112 28 liberté.

4137 4892 41 27 La
4193 4891 132 27 sincérité
4338 4890 35 27 di
4388 4898 43 19 eu
4446 4887 191 27 déclarations
4651 4887 92 26 toutu
4760 4887 103 31 sponta-

4139 4930 64 24 nées
4218 4926 33 26 de
4265 4925 175 28 l'honorable
4455 4925 91 26 maire
4560 4923 33 27 de
4609 4922 142 43 Qaimper
4762 4928 35 18 ne
4814 4922 67 31 peut

4142 4963 58 27 être
4213 4962 72 26 mise
4298 4969 34 18 en
4349 4961 92 26 doale.
4459 4958 58 28 Son
4533 4958 80 34 passé
4631 4956 138 35 politique
4785 4962 34 19 en
4834 4957 43 22 est

4142 5006 57 19 une
4211 4997 138 32 garantie.
4368 4995 79 27 Doao
4462 4995 139 27 l'élection
4618 4993 34 26 de
4667 4990 155 27 dimanche
4838 4990 47 26 n'a

4143 5042 48 25 pas
4207 5035 43 25 été
4265 5040 38 20 un
4319 5031 96 27 auecès
4433 5037 67 25 pour
4517 5029 25 27 le
4559 5028 149 27 iniulstèr»
4722 5033 7 24 ;
4746 5027 37 30 et,
4800 5026 22 25 si
4841 5023 44 28 M.

4142 5069 26 26 le
4185 5068 87 33 préfet
4286 5069 27 25 et
4330 5067 40 26 le*
4384 5065 76 28 amis
4475 5066 38 26 du
4528 5063 223 35 gouvernement
4776 5062 50 25 oui
4841 5060 30 26 fa-

4142 5104 93 27 voriié
4251 5102 27 27 la
4293 5101 187 27 oaadidature
4504 5100 35 27 de
4569 5099 43 28 M.
4644 5096 146 33 Porqnler,
4820 5098 66 25 eut

4142 5146 83 27 p*r;e
4239 5145 53 27 que
4309 5145 48 19 «on
4370 5137 177 30 concurrent,
4560 5134 124 33 quoique
4695 5130 190 37 républioaia,

4142 5174 69 27 était
4227 5173 26 27 le
4270 5172 137 27 candidat
4421 5172 47 27 de*
4483 5170 217 27 monarchistes.

4180 5209 61 28 (Jae
4258 5207 116 27 ssconde
4389 5205 194 28 inexactitude
4598 5205 15 27 h
4629 5204 107 27 relever
4750 5207 138 21 concerna

4143 5245 39 26 U*
4196 5244 87 27 feree*
4298 5242 162 28 électorale*
4483 5241 47 27 de*
4558 5238 177 34 catholiquu
4761 5237 72 27 dans
4861 5236 26 28 1«

4142 5278 154 27 Finistère.

4178 5315 24 27 Il
4217 5316 41 25 est
4273 5313 282 28 malheureusement
4570 5311 69 26 faux
4652 5316 54 28 que
4724 5306 112 31 l'union
4852 5306 33 27 da

4142 5352 61 26 tous
4219 5350 38 27 les
4273 5349 177 33 «atholiques
4465 5346 183 31 finistérians,
4677 5342 209 30 monarchistes

4143 5389 27 24 et
4188 5385 106 28 ralliés,
4323 5385 94 26 suffise
4444 5385 15 26 k
4486 5382 156 27 constituer
4669 5387 57 20 une
4755 5378 132 33 majorité

4144 5422 72 27 dans
4230 5421 40 27 Us
4284 5420 135 27 éleotions
4429 5417 195 31 sénatoriales.

4178 5456 40 28 Ni
4234 5456 43 27 M.
4291 5456 33 26 de
4341 5453 209 32 Cnamaillard,
4569 5453 31 27 ni
4632 5450 46 30 M.
4710 5450 33 27 de
4772 5448 110 30 Cuver-

4147 5492 72 26 Tille
4248 5492 79 25 n'ont
4371 5490 41 26 été
4449 5489 61 27 élus
4547 5494 50 27 par
4633 5487 40 27 lea
4710 5485 177 34 catholique»

4148 5526 89 27 seuls.

4179 5562 25 27 Il
4218 5562 60 26 leur
4292 5569 17 19 a
4323 5561 72 27 fallu
4421 5558 141 34 l'appoint
4581 5558 70 26 d'un
4672 5556 107 27 certain
4796 5562 66 20 nom
4873 5568 7 6 ■

4144 5596 47 28 bre
4217 5597 34 26 de
4279 5594 194 35 républicains
4498 5593 138 28 libéraux.
4654 5591 39 30 Ce
4715 5593 64 26 sont
4793 5591 28 27 là
4837 5591 47 26 des

4144 5631 67 28 faiti
4237 5630 112 35 publies
4370 5631 28 25 et
4422 5631 111 32 patent»
4548 5635 53 27 que
4617 5634 138 28 personne
4770 5633 34 19 ne
4819 5633 52 19 con-

4144 5670 111 25 testera.
4271 5666 31 26 ni
4319 5665 93 34 parmi
4429 5665 39 26 les
4483 5665 59 25 élus
4569 5662 30 27 ni
4625 5662 93 34 parmi
4747 5661 40 27 las
4813 5661 59 26 élec-

4146 5704 84 26 teurs.
4246 5701 79 27 Donc
4354 5699 109 28 l'aaioa
4492 5699 47 25 des
4567 5698 178 32 oatholiquia
4762 5696 123 27 n'aurait

4146 5745 38 24 pu
4202 5737 71 27 faire
4293 5743 93 26 paiaer
4400 5733 45 30 M.
4460 5733 123 34 Danguy
4600 5733 46 26 des
4662 5731 113 28 Déserte
4791 5733 94 25 contw

4144 5771 43 30 M.
4211 5772 146 34 Porquier,
4374 5771 47 26 dès
4444 5770 56 26 lors
4524 5776 54 26 que
4604 5767 115 27 aelui-oi
4747 5766 70 27 était
4844 5773 28 20 as-

4144 5809 64 26 suré
4222 5807 33 27 de
4270 5811 93 24 lottes
4377 5807 40 26 le*
4431 5805 69 27 voix
4522 5806 47 25 dis
4596 5802 194 35 républicains
4813 5802 59 27 libé-

4146 5851 81 18 raux.

4180 5877 57 28 Par
4250 5877 182 34 eonséquent,
4447 5875 25 27 si
4488 5874 56 27 l'on
4570 5875 66 32 peut
4665 5871 139 28 attribuer
4827 5880 57 20 aux

4146 5914 97 27 rallié*
4267 5920 54 19 une
4348 5915 61 30 part
4423 5911 72 26 dans
4511 5911 27 26 la
4554 5908 131 35 majorité
4700 5907 122 28 obtenir
4837 5915 50 27 par

4146 5948 41 30 M.
4201 5950 26 26 la
4237 5947 92 28 Maire
4338 5947 34 27 da
4381 5946 151 33 Quimpar,
4545 5944 39 27 les
4594 5944 74 27 amis
4683 5943 35 28 da
4731 5950 32 21 M
4776 5942 110 28 dernier

4147 5985 122 33 peuvent
4304 5982 128 27 soutenir
4466 5987 69 20 avec
4566 5981 123 33 quelqna
4719 5978 168 28 fondement

4146 6018 71 37 qu'il
4231 6018 94 27 aurait
4344 6018 43 27 été
4400 6017 46 27 élu
4465 6015 106 34 malgré
4593 6013 111 30 l'union
4719 6013 34 28 da
4766 6015 64 26 tous
4846 6014 40 27 lai

4146 6053 187 34 catholiques.

4181 6089 52 28 Ces
4256 6093 73 21 deux
4354 6086 145 35 questions
4524 6085 33 27 de
4572 6084 53 30 fait
4639 6085 79 26 étant
4734 6083 149 33 élaeldéss,

4146 6128 71 24 reste
4243 6124 28 26 la
4298 6122 131 35 question
4456 6122 34 26 de
4518 6122 28 26 la
4571 6119 133 28 condaite
4723 6119 47 27 dea
4786 6120 83 26 catho-

4146 6159 91 33 liques
4252 6158 97 28 ralliée
4364 6157 71 27 dans
4457 6159 72 24 cette
4543 6155 206 28 «ircoastanoe.
4765 6152 65 28 Ella
4843 6156 41 24 est

4146 6196 56 25 très
4225 6193 84 27 faoiie
4333 6194 15 25 k
4374 6191 185 34 comprendra
4586 6194 27 24 et
4641 6191 15 26 h
4683 6188 133 34 justifier.
4843 6187 43 30 La

4147 6228 139 35 politique
4309 6227 39 27 du
4371 6227 175 31 ralliement,
4563 6226 111 33 lorsque
4701 6224 73 27 celui
4789 6224 26 26 ai
4843 6226 44 25 ait

4146 6265 117 30 sincère,
4289 6263 59 27 doit
4363 6263 57 27 être
4434 6270 57 19 une
4501 6260 143 38 politique
4657 6257 142 30 i'emUnte
4817 6266 69 20 avec

4146 6301 30 26 la
4206 6299 122 28 fraotion
4361 6298 125 28 modérée
4515 6298 39 26 du
4584 6294 77 35 parti
4693 6293 190 37 répablioain.

4146 6335 73 27 C'est
4243 6335 27 27 lk
4289 6333 96 35 l'objet
4407 6333 93 27 mSaia
4522 6332 38 26 du
4576 6330 164 28 ralliement
4754 6330 18 26 à
4786 6330 28 27 la
4830 6330 38 26 Ri-

4146 6369 150 37 publiqne.

4182 6403 50 35 Or,
4248 6405 144 27 commsLt
4409 6402 144 35 pratiquer
4569 6402 72 26 cette
4662 6399 141 35 politique
4814 6399 26 27 ai
4856 6407 30 19 ce

4148 6441 70 26 n'est
4233 6448 34 19 en
4285 6441 151 26 marchant
4450 6436 125 30 d'aooord
4596 6443 69 21 avec
4693 6436 39 26 lea
4757 6433 111 37 républi-

4148 6475 80 28 cains
4244 6474 139 32 libéraux,
4401 6474 109 33 abaque
4524 6471 53 28 foia
4592 6480 61 27 que,
4671 6471 59 28 eala
4742 6474 41 25 est
4799 6469 72 37 possi-

4147 6510 46 30 ble
4207 6508 15 30 ?
4237 6509 45 32 Et,
4298 6509 72 30 dam
4380 6509 124 32 l'espèce,
4520 6515 34 21 au
4570 6508 102 28 votant
4684 6513 70 28 pour
4766 6506 39 28 !w
4821 6513 61 20 oaa-
