4996 6817
102 216 96 27 didats
211 216 142 34 présentés
371 222 48 27 ptr
430 221 65 22 eut,
507 211 144 37 lorsqu'ils
661 219 71 20 non*
743 210 100 27 offrant

103 255 92 25 toutes
211 253 39 26 1M
276 252 143 33 garantie»
443 249 33 27 de
504 248 178 28 libéralisme
706 254 53 26 que
774 254 70 20 nous

105 293 125 21 wnDM
246 293 33 20 en
295 286 73 27 droit
384 288 27 24 et
426 293 54 27 que
493 292 71 19 nom
587 289 91 20 avone
702 282 26 27 le
749 280 96 28 devoir

103 322 126 34 d'exiger
239 320 15 28 ?
268 320 80 28 Telle
361 328 17 19 a
393 322 40 25 été
451 321 26 26 la
491 319 79 34 ligne
591 319 33 26 de
651 318 133 27 coaduite
798 317 46 26 du

103 357 197 34 répubiloaina
328 357 180 32 catholiques
530 354 38 26 da
606 352 141 27 Finiatére
776 352 69 26 dsns

104 398 74 21 cette
189 392 132 27 élection,
339 391 39 27 lie
404 384 51 33 oui
480 389 47 34 agi
555 396 111 21 comme
690 389 26 27 le
730 386 116 28 doivent

104 429 74 27 taire
193 429 45 26 dee
255 426 190 34 catholique»,
459 432 34 19 es
511 425 156 26 s'assurait
693 424 46 25 de»
754 422 78 34 dispo-

105 463 107 27 sitions
228 463 146 26 vraiment
396 461 131 28 libérale»
547 463 27 24 et
592 457 240 30 anliminlstériel-

105 498 43 28 lee
159 498 33 27 de
204 497 45 30 M.
266 496 137 39 Porquier
419 498 45 30 ;et
489 495 37 27 il»
541 497 51 24 ont
601 497 63 24 vote
674 501 112 20 comme
800 494 47 26 de»

106 534 196 33 républioains
315 534 136 30 ainoère»,
467 539 35 19 en
519 530 142 34 proférant
674 528 26 27 le
713 528 135 27 oandldat

106 569 113 27 modéré
235 568 37 27 do
288 567 73 33 parti
390 566 177 34 républicain
591 572 37 20 an
652 563 133 28 candidat
802 562 46 28 de»

106 602 168 28 monarchie
276 606 51 25 tu.

144 641 61 30 Que
221 640 61 26 leur
298 639 157 33 reproche!
468 645 35 20 oa
516 634 15 28 ?
552 635 99 27 Eat-oc
665 643 64 28 que,
745 635 57 26 lors
817 633 33 26 de

106 674 144 28 l'éleotion
267 674 33 27 de
314 676 41 25 M.
373 671 125 30 l'amiral
527 671 33 27 de
575 671 167 27 Cuvervilia
755 671 96 26 centre

110 711 28 26 le
152 710 136 27 candidat
302 707 182 35 républicain
498 710 26 25 et
553 705 174 35 catholique,
758 704 43 28 M.
817 704 33 26 de

109 744 148 35 Ruaquec,
270 744 25 27 il
309 745 46 26 s'a
371 751 48 26 pas
435 748 44 22 été
494 743 109 26 déolaré
631 742 220 34 publiquement

111 789 54 25 que
178 781 25 27 si
219 789 31 19 ce
263 778 111 28 dernier
389 780 77 27 avait
480 777 89 27 voulu
583 776 71 27 faire
669 776 46 26 dis
729 780 26 22 le
769 776 66 33 prin-

111 816 64 33 cipe
190 816 40 26 le»
246 815 189 27 déclarations
463 811 294 30 anti-ministérielles
772 815 26 22 et
814 810 26 27 li-

112 850 107 28 bérale»
236 850 71 34 qu'il
322 850 33 26 fit
371 848 215 28 l'avant-*-eille
599 847 39 27 du
667 847 107 27 lorutin
794 854 45 26 par-

111 893 91 20 venue
214 893 35 20 ne
275 893 27 20 »e
330 885 86 27 serait
446 885 129 33 présenté
602 885 97 25 ooetre
724 881 41 27 lui
777 879 15 28 ?
808 880 44 28 Eh

111 920 80 32 bien,
208 930 43 18 oea
266 920 188 27 déclaration»
470 926 54 27 que
554 918 41 27 M.
613 917 33 28 de
661 917 131 34 Resquec
809 917 46 27 n'a

112 957 86 27 faltaa
213 957 79 33 qa'in
307 960 138 22 extremis
485 953 44 30 M.
546 953 148 33 Porquier,
711 952 54 32 lui,
782 953 40 26 le»
837 958 17 20 a

112 992 85 27 laite»
213 993 47 25 dès
269 991 27 28 le
311 991 96 28 début,
420 990 231 33 ipontanément,
665 996 66 19 saa»
746 986 109 28 crainte

111 1028 37 26 «le
163 1028 113 30 froisser
291 1029 27 26 et
334 1026 32 26 de
394 1024 131 28 refroidir
556 1024 39 27 les
625 1023 188 27 ministériels
828 1024 27 25 et

113 1063 40 26 les
171 1062 144 27 radicaux.
333 1059 144 35 Pourquoi
496 1059 72 27 done
582 1058 43 28 lui
639 1062 96 25 a-t-on
752 1057 104 27 suscité

113 1104 40 20 un
380 1095 144 34 Pourquoi
550 1095 120 26 n'a-t-on
702 1102 48 25 pas
780 1094 45 33 agi
840 1094 17 26 h

115 1141 51 19 aon
183 1133 80 34 égard
281 1139 111 20 oomme
406 1139 34 19 on
470 1130 136 27 affirmait
621 1129 27 27 le
660 1128 112 28 vouloir
785 1128 71 27 faire

111 1175 38 20 •n
165 1168 59 27 faoe
237 1168 33 26 de
283 1167 45 28 M.
344 1167 34 26 de
393 1166 131 34 Ruiqueo
535 1165 15 27 ?

152 1202 97 32 E&fin,
262 1209 70 20 nous
347 1200 196 35 républicains
555 1200 184 33 catholique»,
754 1200 103 34 qu'elle

115 1240 96 25 raison
228 1239 115 26 aurions
360 1245 69 18 non»
439 1237 110 26 donnée
557 1235 34 26 de
607 1239 78 22 notre
698 1235 74 26 refu»
785 1234 57 27 d'ae-

116 1278 96 30 e«ptar
224 1273 28 27 la
268 1271 184 30 candidature
468 1271 33 27 de
515 1270 175 28 l'honorable
712 1271 90 27 maire
824 1270 33 26 de

116 1306 169 35 Quimper?

154 1344 79 26 Nous
261 1343 100 27 avions
390 1343 139 33 repoussé,
559 1341 71 27 dans
656 1341 40 27 les
720 1339 136 27 élections

117 1380 190 32 prteédeate»,
335 1377 123 28 oertains
485 1376 150 27 candidats
664 1375 194 33 républicains

117 1417 28 24 •t
163 1420 67 21 ncus
247 1415 60 26 leur
322 1414 100 27 avions
439 1413 105 34 préféré
555 1410 43 28 M.
609 1411 33 27 de
659 1410 198 28 Chaasalllart

117 1454 28 21 et
161 1449 44 27 M.
221 1449 32 27 de
286 1448 177 30 Cuverville.
493 1447 143 33 Pourquoi
646 1444 15 28 ?
690 1446 89 28 Paroe
804 1453 54 27 que

118 1492 44 20 ocs
178 1483 149 28 candidats
343 1481 195 35 républicains
553 1491 35 18 ne
604 1489 70 19 nous
702 1480 156 28 donnaient

118 1526 50 26 pas
184 1520 33 26 de
235 1519 143 34 garanties
393 1519 158 26 suffisante»
567 1518 33 26 de
628 1517 174 27 mcdératlon
830 1519 27 24 et

118 1556 33 25 de
167 1554 188 27 libéralisme.
372 1553 73 30 C'est
465 1560 35 20 an
516 1559 66 20 nom
614 1552 32 27 de
676 1556 78 22 aotre
778 1558 63 20 cons-

117 1590 97 27 cience
229 1591 33 26 de
276 1590 178 34 oatboliques
470 1596 54 27 que
540 1596 70 19 nous
624 1586 139 28 refusions
774 1586 33 26 de
817 1587 40 26 les

117 1629 139 30 accepter.

152 1661 46 27 On
216 1661 109 27 n'avait
341 1668 48 26 pas
406 1661 26 26 le
448 1658 73 27 droit
536 1658 128 33 d'arguer
676 1657 33 26 de
724 1664 30 19 ce
783 1657 73 26 refus

119 1703 70 26 pour
204 1695 70 27 ieter
289 1696 27 26 la
332 1694 146 34 suspicion
491 1702 50 19 sur
555 1694 28 27 la
599 1693 133 27 sinoérité
758 1691 32 26 de
810 1700 33 19 no-

117 1735 44 22 tre
175 1731 167 26 ralliement
354 1734 27 22 et
402 1730 28 25 la
445 1730 113 32 loyauté
574 1728 34 26 Je
622 1731 79 22 notre
720 1727 136 27 adhésion

118 1767 15 26 à
150 1767 28 26 la
193 1766 191 34 République.
400 1763 77 28 Mais
493 1766 71 25 dans
579 1765 28 26 la
635 1762 126 27 dernière
784 1762 58 26 élec-

115 1800 73 31 tion,
202 1801 74 26 alors
289 1808 53 25 que
358 1802 25 24 1»
393 1800 133 26 candidat
542 1800 37 26 da
589 1800 77 32 parti
680 1796 175 35 républicain

115 1837 72 27 était
221 1837 231 27 manifestement
482 1834 159 32 acceptable
674 1840 70 25 pour
777 1839 78 24 nous,

116 1878 18 20 n
146 1876 47 22 eut
208 1879 34 19 on
269 1878 47 26 pas
341 1871 43 26 été
397 1878 34 19 an
448 1870 74 27 droit
536 1870 33 26 de
583 1877 71 19 nous
665 1869 61 26 dire
751 1867 24 27 si
788 1874 69 19 ncus

115 1906 125 26 l'avions
255 1907 130 32 repoussé
402 1904 5 35 :
424 1904 78 27 Vous
519 1905 85 25 n'êtes
634 1911 50 26 pas
699 1904 46 26 dis
775 1905 66 32 répu-

117 1941 125 28 blicains
257 1942 105 31 loyaux
380 1944 26 22 et
418 1942 120 25 sincères
554 1938 5 34 1
576 1939 41 27 La
633 1942 115 31 loyauté
776 1938 65 26 ohré-

116 1978 98 25 tieuae
229 1980 27 24 et
270 1984 66 19 caus
353 1976 104 26 arriéra
472 1976 98 32 pensée
591 1975 33 27 de
653 1977 78 25 notre
759 1974 84 27 rallie-

116 2015 81 25 ment
213 2020 70 19 nous
298 2011 97 28 faisait
407 2019 38 20 uc
463 2011 96 26 deveir
574 2010 33 26 de
621 2014 79 24 voter
728 2016 71 27 pour
811 2008 45 28 M.

116 2047 154 33 Porquier.

152 2082 45 27 lin
217 2082 112 27 dernier
345 2085 59 25 mot
420 2089 7 19 :
444 2081 32 27 ni
501 2082 27 27 la
556 2080 171 28 démocratie
756 2080 30 26 ni
817 2080 39 26 les

113 2118 87 27 abl>és
224 2119 174 26 démocrates
429 2119 78 26 n'ont
531 2117 66 34 quei
627 2125 53 26 que
707 2124 31 19 ce
755 2115 54 27 toit
824 2117 34 26 de

113 2160 138 20 commun
269 2160 69 20 aveo
352 2152 142 28 l'électicn
511 2152 32 26 de
559 2152 152 33 Quimper.
739 2150 38 30 Ce
802 2152 41 25 n'é-

113 2189 56 26 tait
185 2197 48 24 pa»
250 2191 27 24 là
294 2196 56 20 une
364 2187 133 34 question
511 2187 32 26 de
573 2186 180 27 démocratie,
772 2185 83 32 mai»,

112 2223 30 33 je
152 2224 26 26 le
196 2225 99 31 répète,
315 2224 33 26 de
364 2224 115 32 loyauté
493 2222 207 34 républicaine.
712 2220 48 28 Ma
778 2229 63 19 coni-

112 2258 98 26 cience
227 2265 35 19 ne
278 2265 46 20 me
338 2259 133 33 reproobe
485 2258 72 31 rien;
573 2257 123 34 j'eatime
712 2256 79 27 avoir
803 2256 53 27 fait

113 2301 70 19 mon
200 2295 98 26 devoir
312 2295 33 26 de
365 2295 91 31 prêtre
470 2294 174 33 catholique,
670 2293 34 26 de
728 2290 113 34 républi-

112 2328 66 27 cain
195 2328 109 27 sinoère
318 2331 27 25 et
360 2328 34 27 de
409 2328 103 34 député
526 2328 81 27 fidèle
618 2328 14 26 à
644 2334 50 20 son
711 2334 126 27 program-

113 2370 46 20 me
175 2365 142 26 électoral.

115 2466 220 87 REVUE
371 2470 84 84 DE
490 2473 77 84 Et
607 2473 242 84 PRESSE

361 2616 39 32 Le
424 2615 71 39 père
519 2616 99 38 Grairy

161 2657 137 35 Extrait
317 2660 81 33 d'un
418 2661 239 43 remarquable
677 2660 118 35 article
815 2662 41 32 de

116 2700 50 35 M.
184 2702 135 45 Faguet
339 2705 84 33 dans
443 2704 31 35 le
504 2704 146 35 Gaulois
672 2715 8 24 :

146 2769 180 30 Réconcilier
343 2772 26 26 la
383 2772 109 26 scieaca
507 2774 27 24 et
561 2772 26 27 la
612 2772 39 26 loi
665 2779 7 25 ;
690 2772 165 27 réconcilier

111 2805 30 26 la
170 2805 170 28 démocratie
372 2810 27 24 et
433 2807 25 26 le
491 2807 229 27 christianisme.
751 2806 104 30 C'était

111 2838 83 33 baau,
210 2850 14 18 c
235 2842 70 27 était
320 2844 61 32 trop
398 2842 70 28 beau
482 2851 6 21 ;
522 2845 120 25 surtout,
671 2843 96 27 e'était
794 2845 61 30 trop

111 2883 71 26 pour
208 2883 38 20 an
262 2877 61 26 seul
340 2878 125 25 homme.
483 2877 86 32 Mais,
599 2885 112 19 eomme
725 2885 18 19 a
771 2877 45 27 dit
829 2878 26 33 je

111 2919 34 19 ne
162 2911 56 27 sais
234 2913 59 33 qui,
311 2913 94 34 quand
431 2922 33 18 ou
493 2915 198 33 n'entreprend
722 2921 48 26 pa*
801 2921 54 19 une

110 2948 84 26 tiche
209 2947 50 27 dix
274 2948 53 27 fois
343 2948 151 27 au-dessus
519 2948 47 27 dei
586 2948 89 27 forçai
689 2948 67 27 d'an
775 2948 59 27 hom-

112 2991 56 22 me,
183 2991 35 19 on
236 2983 72 27 n'est
326 2991 46 25 pas
389 2991 38 19 an
444 2985 129 26 homme.
589 2982 107 35 Gratry
713 2983 71 27 était
814 2992 38 19 un

111 3018 126 27 homme.
253 3019 27 27 A
295 3021 71 25 oette
385 3019 103 27 double
503 3020 81 26 tâche
608 3019 51 34 qui
689 3020 167 26 demandait

107 3053 52 26 dix
177 3053 167 32 existenoes,
369 3053 89 28 (aible
493 3059 27 22 et
546 3054 120 32 malade,
683 3053 22 28 il
724 3063 17 19 a
757 3061 83 20 consa-

109 3092 46 22 cré
170 3092 77 25 toute
261 3090 27 27 la
304 3089 109 28 eienne.
432 3090 25 27 11
472 3098 17 19 a
511 3091 53 27 lait
581 3092 60 26 tout
654 3098 31 19 ce
699 3098 38 26 qu
749 3090 21 27 il
785 3098 18 20 a
819 3097 37 27 pu

109 3131 71 26 pour
195 3125 150 32 empêcher
359 3125 27 26 la
402 3124 111 28 icienc»
536 3125 33 26 de
598 3125 71 27 faire
693 3125 116 27 faillite,
829 3125 26 27 la

109 3158 39 27 foi
164 3159 33 26 de
222 3168 27 19 «e
274 3159 170 27 restreindre
469 3163 63 32 trop
560 3162 181 26 strictement
756 3162 14 25 i
787 3161 54 26 elle-

109 3196 93 25 même
216 3196 27 26 et
259 3194 33 27 de
307 3195 117 31 s'isoler,
441 3196 28 26 et
483 3195 28 27 la
527 3196 172 26 démocratie
712 3195 33 27 de
769 3195 67 34 dépo-

107 3237 45 18 aer
168 3237 48 19 son
235 3229 92 28 bilan.
343 3229 25 28 11
381 3237 17 19 a
413 3230 116 34 supplié
547 3231 28 26 la
594 3229 172 28 démocratie
796 3230 44 28 d'ê-

106 3268 44 24 tre
165 3266 176 32 chrétienne,
373 3273 71 26 pour
470 3274 35 18 ne
534 3274 48 26 pas
617 3267 117 26 devenir
762 3274 52 26 peu
840 3267 15 26 à

111 3307 53 26 peu
180 3301 193 33 uniquement
391 3301 26 26 le
432 3301 86 33 règne
534 3301 34 26 de
581 3301 30 27 la
630 3301 83 26 force,
735 3308 35 19 en
798 3301 43 26 éli-

109 3337 117 26 minant
240 3339 61 24 tout
319 3344 30 19 es
364 3335 72 34 qu'il
452 3344 19 25 y
487 3335 80 28 avait
581 3337 34 26 de
630 3335 105 34 Justice
767 3338 27 25 et
822 3337 33 27 de

107 3372 122 31 charité,
260 3372 66 26 c'est
343 3372 91 26 4-dire
459 3371 33 27 de
520 3372 233 31 christianisme,
784 3372 71 26 dans

107 3415 43 18 ces
169 3406 156 35 principes.

144 3442 24 27 Il
180 3450 17 20 a
213 3443 120 33 protesté
346 3444 96 25 oontre
457 3443 26 27 le
509 3442 77 27 droit
614 3442 32 27 de
673 3442 30 28 la
731 3443 74 26 foret
822 3442 33 27 de

105 3480 65 25 tout
184 3484 50 19 eon
250 3484 118 26 courage
383 3482 27 21 et
419 3477 33 26 de
464 3480 63 26 tout
541 3484 50 20 son
607 3484 110 20 amour.
733 3477 21 26 11
770 3484 15 20 a
803 3477 52 28 fait

109 3521 164 27 remarquer
287 3515 17 25 i
318 3514 107 27 certain
444 3513 100 34 peuple
560 3514 71 34 qu'il
653 3514 70 27 n'eat
738 3513 33 28 de
789 3515 64 33 plus

106 3556 37 19 «n
159 3548 65 33 plm
239 3556 14 15 «
269 3549 104 32 qu'une
397 3548 223 34 agglomération
643 3548 33 27 de
705 3548 105 34 pirates
827 3550 26 25 et

105 3585 35 25 de
157 3583 183 28 Ducbasdt.
358 3583 59 34 qui,
436 3591 69 27 pour
519 3583 130 27 assouvir
667 3583 63 26 leur
744 3583 111 27 avidité

106 3618 167 33 insatiable,
289 3618 148 28 dévastent
451 3619 46 26 des
511 3620 126 26 oontrées
653 3619 131 32 entières,
802 3627 34 19 ex-

105 3657 136 31 torquent
256 3654 51 27 l'or
331 3661 51 26 par
404 3654 27 26 la
458 3657 109 24 torture
594 3654 154 33 physique,
764 3658 77 22 entre-

107 3691 142 31 prennent
265 3690 76 27 enfin
353 3689 244 28 l'extermination
612 3689 116 28 absolue
743 3690 37 26 du
790 3697 50 27 ptu-

107 3725 48 32 ple
168 3725 126 26 chrétien
312 3732 25 24 »,
353 3728 27 24 et
394 3732 44 19 cas
455 3725 93 33 ligaes
563 3725 98 26 datent
676 3725 35 26 de
725 3731 106 27 quaran-

107 3764 27 22 te
150 3768 52 20 ans
216 3763 27 24 et
259 3761 24 26 si
298 3759 69 27 elles
379 3763 50 24 ont
444 3761 74 25 oetsé
535 3759 81 27 d'être
632 3759 90 34 juste;
742 3759 28 34 je
781 3759 74 27 seiai

107 3796 27 27 le
150 3795 123 32 premier
286 3796 15 26 i
319 3803 34 19 en
367 3796 58 26 être
442 3796 125 26 heureux

144 3830 24 27 Il
182 3837 17 20 a
262 3831 164 31 préourseur
441 3831 46 25 de«
510 3830 175 26 démoerate»
711 3830 143 26 chrétiens

107 3869 28 25 el
150 3867 47 26 des
211 3865 159 27 socialistes
385 3865 144 28 chrétien»
609 3867 120 31 protesté
757 3869 98 22 contre

107 3909 17 17 «
139 3905 72 24 oette
226 3901 133 27 féodalité
372 3901 137 33 d'argent,
527 3901 60 33 qai,
606 3902 63 31 plus
683 3901 170 33 oppressive

106 3940 31 25 el
152 3938 64 34 plai
233 3937 164 34 deipetlqne
412 3944 54 26 que
481 3937 28 26 la
523 3935 133 27 féodalité
677 3938 35 25 do
731 3944 100 27 moysn-

107 3980 60 27 age.
184 3972 123 27 asservit
321 3973 46 25 des
385 3963 123 37 mfllicn
524 3971 189 28 d'individus.
731 3972 39 27 les
787 3980 51 19 con-

109 4015 105 21 damne
229 4009 17 26 à
261 4015 38 19 an
315 4006 105 28 travail
450 4006 175 31 exorbitant,
654 4007 138 33 «'empara
809 4007 45 26 des

109 4045 130 26 femme»,
256 4045 46 24 du
318 4043 128 33 enfant*,
461 4043 40 27 IN
516 4043 73 27 livre
614 4043 17 27 à
653 4045 63 25 ton»
731 4046 39 24 1M
785 4051 53 26 gen-

110 4088 40 19 re»
169 4080 33 26 de
216 4078 243 26 démoralisation.
477 4085 35 19 en
528 4078 80 33 exige
624 4085 39 19 on
679 4078 103 26 travril
800 4078 43 26 dii-

110 4114 202 34 properticnué
326 4115 15 25 à
357 4114 74 27 lear»
444 4114 86 26 feree»
547 4115 40 25 le»
602 4113 74 28 livre
690 4115 17 25 k
731 4113 46 27 de»
795 4113 46 32 pri-

109 4149 115 27 vation»
235 4150 97 25 eontra
346 4149 150 33 lesquelles
521 4155 111 20 aucune
652 4156 139 19 ressource
809 4149 46 26 n'a

107 4187 44 26 été
167 4186 183 32 préparée...
370 4193 12 15 »

144 4221 25 26 Il
183 4228 17 19 a
216 4222 118 24 foutecn
351 4221 92 26 tonte»
457 4220 40 26 les
514 4227 97 20 causes
627 4219 59 33 qai,
702 4227 34 18 en
762 4220 93 26 iréwa

107 4258 96 31 tempe
236 4254 117 35 qu'elles
383 4254 107 27 étaient
519 4254 84 26 celles
631 4254 48 26 des
707 4254 145 30 bnmbies,

109 4292 106 26 étaient
229 4291 100 34 juste»,
346 4298 33 19 su
396 4292 93 32 plutét
516 4290 202 27 intéressaient
743 4290 27 27 la
785 4290 52 28 cha-

110 4325 65 28 rité.

278 4362 40 32 Le
340 4362 137 32 discourt
496 4361 37 33 de
553 4362 37 30 M.
618 4361 70 32 Piou

154 4419 51 35 De
237 4417 50 37 M.
311 4417 119 35 Pierre
454 4417 158 35 Veuillol
632 4419 84 33 dams
736 4416 96 37 VUni-

110 4473 80 25 vers
207 4473 15 24 :

144 4521 40 27 La
200 4521 141 27 aitaation
359 4520 221 34 prédominante
607 4520 32 27 de
666 4519 44 28 M.
726 4519 74 28 Pion
814 4521 41 26 est

109 4558 26 26 le
150 4558 129 28 résultat,
295 4557 116 32 logique
422 4559 27 25 et
475 4554 169 34 néoessaire,
659 4554 33 26 de
718 4563 51 19 son
784 4556 57 27 atti-

109 4592 67 27 tude
191 4591 139 34 politique
344 4591 100 34 depuis
464 4591 86 28 dons
574 4599 61 19 ans.
671 4590 73 30 C'ait
775 4598 81 27 parae

109 4628 71 35 qo'il
195 4636 17 18 •
226 4629 43 25 été
283 4626 174 27 l'initiateur
472 4630 27 22 et
523 4630 27 24 ie
580 4626 178 33 persévérant
787 4633 51 19 con-

109 4657 117 32 ducteur
241 4663 33 26 de
289 4662 169 27 l'évolution
475 4662 50 33 qui
547 4669 17 20 a
580 4662 90 32 placé,
686 4669 52 26 peu
756 4663 14 24 h
787 4668 63 27 peu,

107 4701 64 24 tant
187 4698 33 25 de
235 4697 177 33 oathollqtes
428 4704 48 19 sur
488 4697 26 26 le
528 4696 106 27 terrain
651 4696 189 27 eonstitotion-

110 4735 56 25 nel.
183 4731 72 35 qu'il
281 4734 41 25 est
351 4731 184 34 aujourd'hui
566 4736 79 22 notre
672 4730 76 28 chef.
777 4730 77 27 Sans

107 4768 128 34 toujours
256 4767 64 28 bien
351 4775 28 19 se
409 4767 99 27 randre
535 4769 113 32 compte
672 4767 32 26 de
719 4769 71 24 cette
806 4769 33 24 vé-

110 4804 63 28 rité,
189 4811 67 19 aans
287 4804 102 27 même,
406 4802 191 34 quelquefois,
614 4802 112 26 venloir
756 4802 27 26 U
810 4808 45 20 «-

109 4841 159 26 ooinaltre,
287 4846 50 18 nos
352 4841 125 30 troupe»,
491 4845 35 19 en
553 4845 103 22 masse,
672 4840 50 24 ont
737 4837 53 26 fini
808 4844 48 26 par

110 4881 60 19 oom
177 4874 119 32 prendre
314 4880 35 19 eu
366 4880 51 26 par
433 4873 90 26 »entir
553 4872 72 34 qu'il
653 4872 78 27 avait
748 4872 41 27 rai
794 4880 60 18 «on.

111 4910 73 27 Kien
201 4912 80 24 antre
296 4910 17 27 à
327 4909 72 28 faire
411 4916 54 27 40e
481 4917 30 19 on
531 4907 72 35 qu'il
633 4907 144 34 préoonUe
791 4912 64 22 oba-

898 196 144 26 tiaément
1056 202 8 24 ;
1080 195 65 26 o'e»t
1160 194 111 27 devenu
1299 194 163 27 l'évidence.
1480 190 43 28 De
1537 191 38 32 là,
1591 200 50 20 aon

899 229 194 30 indiscutable
1106 228 133 28 autorité.
1253 228 41 28 De
1310 229 40 33 là,
1364 235 31 19 sa
1408 228 85 26 force.

935 266 79 32 Qu'il
1042 274 35 19 en
1096 272 59 20 uie.
1170 262 74 30 Toat
1267 265 27 27 le
1311 262 111 30 monde,
1440 262 148 33 peut-Cire,
1606 270 37 19 ne

900 302 43 26 lui
970 308 35 19 en
1031 307 83 20 (aura
1141 306 50 26 pua
1215 300 46 32 gré
1286 306 35 20 an
1348 299 93 26 même
1456 298 92 33 point.
1564 296 78 28 Mai»

901 337 187 33 l'impétueux
1102 337 118 25 courant
1233 334 126 27 doniera
1374 332 109 28 bientôt
1495 340 58 19 une
1567 334 76 25 seul#

901 371 138 27 direction
1069 373 27 24 <-t
1123 377 57 19 une
1208 371 118 33 pareille
1352 367 92 28 allure
1463 370 18 25 à
1495 371 92 25 toutes
1603 370 39 26 l<s

902 407 130 31 barquer.
1057 405 24 27 Il
1096 404 104 27 faudaa
1215 405 138 27 marcher,
1368 407 27 22 et
1411 404 132 26 marcher
1558 404 84 31 droit,

901 445 27 24 et
945 443 130 26 marcher
1089 439 67 27 vite.
1175 438 157 31 Evanouit,
1349 437 41 28 le»
1420 438 77 26 râve»
1526 438 34 27 de
1584 446 46 19 cer-

901 476 78 27 tain»
1005 476 48 35 qui
1078 475 150 27 voulaient
1252 482 30 20 ae
1307 474 91 27 aervir
1414 472 34 27 de
1463 474 28 28 la
1511 475 84 30 force,
1611 474 34 27 de

902 513 143 27 l'autorité
1071 509 34 27 de
1133 509 43 28 M.
1194 509 71 28 Pion
1292 515 111 20 comme
1430 508 118 28 eelui-ci
1577 511 69 25 veut

902 548 85 34 qu'on
1016 555 25 18 »e
1070 553 80 20 «erve
1176 546 34 27 de
1232 546 27 27 la
1274 543 38 28 loi
1328 542 315 34 Waldeck-Routseau,

904 581 171 30 o'eit-fcdîre
1102 587 69 28 poar
1186 581 39 26 le»
1241 582 144 24 retourner
1398 581 63 25 tout
1476 579 169 27 douoemeat

905 621 94 24 contre
1013 618 27 27 la
1057 617 139 34 politique
1211 615 33 26 de
1267 614 43 27 M.
1329 615 84 31 l'ion,
1427 619 28 22 et
1479 621 71 20 noua
1574 614 72 27 faire

905 652 76 30 ainsi
1005 651 138 27 retomber
1159 652 70 26 dan»
1254 651 28 26 la
1297 650 100 27 vieille
1419 650 89 27 union
1533 657 94 20 comer-

906 687 116 28 vatriea.
1039 686 123 27 L'union
1192 685 207 27 coniervatrioe
1423 687 40 24 e»t
1488 687 27 24 et
1530 684 97 27 demeu-

906 730 61 20 rera
989 723 159 30 remplaoée
1168 729 48 26 par
1232 718 118 30 l'Union
1367 719 279 28 constitutionnelle.

907 758 73 30 C'eit
1004 757 132 27 installés
1157 757 17 26 à
1188 756 131 26 demeure
1333 755 72 27 dans
1421 756 30 26 la
1465 756 112 26 maison
1603 756 30 26 ré-

908 791 164 38 publicain
1094 800 54 26 que
1165 798 71 20 noui
1250 789 154 28 vaincront
1417 788 40 28 les
1473 789 132 30 sectaires
1619 791 27 26 et

908 831 40 26 les
961 827 139 34 jacobin».

952 875 48 34 LÎ
1019 875 136 34 discours
1173 874 37 33 de
1228 874 37 32 M.
1292 874 311 33 Waldsck-Rouwîau

953 933 56 34 Du
1031 931 155 35 Journal
1215 930 60 35 des
1302 930 133 35 Débats
1460 941 56 24 ces
1539 932 109 43 justes

909 978 182 33 réflexions
1110 980 20 31 &
1149 985 124 34 propos
1298 978 102 32 d'une
1437 977 76 34 idée
1532 976 99 44 expri-

911 1026 74 30 mée
1026 1022 120 37 mardi,
1182 1024 20 31 k
1238 1019 32 35 la
1304 1019 185 43 Chambre,
1509 1030 60 33 par
1598 1018 47 37 M.

911 1064 377 38 Waldeck-Konsseau
1303 1075 11 25 :

947 1136 41 28 M.
1019 1136 26 27 le
1071 1135 144 34 président
1243 1135 38 27 du
1309 1134 125 31 Canseil,
1465 1136 79 32 après
1572 1134 80 27 avoir

913 1173 87 27 rendu
1015 1172 104 33 justice
1134 1174 70 24 dans
1220 1172 26 27 le
1261 1173 78 32 passé
1364 1172 15 26 à
1394 1169 117 35 l'Eglise
1527 1170 109 27 catholi-

912 1214 53 30 que
979 1214 53 27 que
1049 1206 40 27 les
1104 1206 221 27 miaeeonnaires
1339 1206 193 33 représentent
1545 1206 71 26 dans
1626 1206 26 26 le

913 1244 112 33 présent
1039 1239 154 37 jusqu'aux
1208 1241 125 27 endroits
1349 1240 40 27 les
1403 1241 66 31 plus
1483 1240 122 33 éloiglés
1619 1240 33 27 de

913 1279 27 25 la
954 1277 104 28 Chine,
1074 1284 18 20 a
1103 1277 120 27 cherché
1239 1279 15 25 fc
1269 1284 28 19 se
1326 1276 165 27 réconcilier
1514 1284 67 19 avec
1610 1284 43 19 ses

914 1311 74 27 amis
1004 1311 33 26 de
1051 1303 148 35 i'extrCme
1211 1311 109 33 gauche
1332 1318 34 19 en
1385 1311 113 33 parlajt
1514 1311 33 25 de
1561 1311 28 26 la
1611 1311 27 26 ré-

913 1348 100 33 forme,
1028 1348 33 25 de
1075 1346 109 31 l'esprit
1200 1345 223 35 philosophique
1450 1345 37 26 du
1513 1345 51 26 dix
1581 1346 52 25 hui-

913 1382 87 27 tième
1013 1382 96 31 siècle,
1127 1382 32 26 da
1174 1382 28 26 la
1218 1382 174 26 Révolution
1407 1380 151 34 française,
1574 1382 78 26 eafin

913 1417 32 26 de
958 1420 61 24 ton»
1035 1420 41 24 Je»
1090 1417 183 31 événement»
1289 1415 50 35 qui
1354 1423 28 19 se
1397 1416 161 27 rattaohent
1573 1416 15 27 à
1604 1416 37 27 l'é-

915 1452 195 34 mancipation
1127 1453 33 26 de
1175 1453 27 27 la
1218 1455 100 31 pen»ée
1333 1450 132 27 moderne
1481 1454 27 25 et
1535 1452 51 34 <}Ui
1600 1454 51 25 ont

913 1487 148 28 contribué
1076 1489 14 25 à
1106 1487 125 34 l'opérer.
1246 1487 34 27 Kl
1293 1488 72 25 cette
1378 1486 92 34 partie
1481 1486 38 27 du
1528 1487 125 27 ilecoun

914 1531 15 20 a
944 1525 44 25 été
1002 1525 56 24 Irè»
1072 1524 156 33 éloquente.
1244 1522 24 27 11
1285 1524 60 25 n'en
1364 1526 40 22 sel
1420 1530 50 26 pa»
1487 1521 93 27 moine
1592 1521 61 27 vrai

913 1565 63 27 que,
993 1558 32 26 de
1041 1563 79 21 notre
1134 1559 57 25 état
1205 1557 89 27 looial
1306 1557 67 27 dont
1390 1565 70 19 noua
1475 1564 124 20 somme»
1615 1557 39 27 le»

914 1593 137 34 premier»
1065 1592 15 25 i
1095 1594 177 25 reconnaître
1286 1592 40 26 les
1341 1591 123 34 qualité»
1489 1591 164 34 énergique»

913 1631 26 25 et
954 1629 139 31 féoondei,
1111 1628 58 27 rien
1188 1628 71 27 n'est
1274 1635 98 20 encore
1398 1628 69 27 sorti
1482 1626 50 35 qui
1559 1628 96 33 puisse

914 1664 156 32 remplacer
1084 1665 274 30 avantageuaement
1372 1663 40 26 les
1436 1662 217 27 missionnaires

915 1700 70 26 dans
1000 1697 138 27 ecriaiaes
1154 1698 113 32 régions
1280 1698 33 26 de
1328 1697 150 27 l'univers.
1501 1696 40 27 La
1570 1703 67 26 pour-

913 1734 74 27 suite
1000 1734 47 26 des
1064 1734 116 26 intérêts
1198 1742 9 25 \
1217 1736 130 24 urement
1361 1731 138 28 humains
1514 1733 48 33 c'y
1578 1731 77 28 suffit

914 1773 65 30 peut
993 1769 57 26 être
1071 1775 59 27 pas.

948 1804 41 27 M.
1007 1805 26 25 le
1050 1804 142 33 président
1207 1804 37 26 du
1261 1802 115 30 Conseil
1391 1811 17 18 a
1422 1801 130 33 exprimé
1566 1800 26 27 le
1606 1801 32 27 dé-

912 1839 41 26 air
976 1846 53 26 que
1058 1839 39 26 ies
1126 1839 219 26 missionnaires
1372 1839 97 26 fissent
1499 1837 155 27 désormais

914 1874 93 26 moins
1024 1873 33 27 de
1072 1873 190 34 prédioalians
1281 1877 27 24 et
1333 1873 65 33 plus
1411 1871 243 34 d'enseignement

913 1917 33 20 ou
963 1910 194 31 d'aisistanoe,
1172 1915 116 21 comme
1300 1909 25 26 si
1351 1915 52 20 son
1417 1906 99 33 esprit,
1534 1907 120 34 quelque

912 1944 131 28 éminent
1055 1944 70 34 qu'il
1141 1943 64 31 soit,
1232 1943 109 27 n'avait
1358 1950 47 26 pas
1434 1943 128 33 échappé
1585 1943 15 26 i
1626 1943 28 27 la

913 1981 115 27 hantise
1042 1981 33 26 d*
1089 1982 72 25 cette
1176 1980 118 34 religion
1313 1982 152 30 purement
1478 1980 98 33 laïque
1586 1977 69 28 dent

912 2015 74 27 celui
1002 2015 33 26 de
1050 2014 41 27 M.
1109 2014 138 28 Cardinal
1261 2015 93 26 c'était
1370 2014 64 34 déjfc
1456 2014 87 34 épris.
1578 2013 77 28 Mais

913 2052 20 27 il
950 2059 18 26 y
983 2059 18 19 a
1012 2050 47 26 due
1074 2050 97 26 choses
1186 2049 84 35 qu'on
1287 2057 34 19 ne
1339 2052 65 30 peut
1422 2056 47 24 pas
1481 2048 122 32 soinder,
1629 2052 26 24 et

912 2087 24 26 ai
954 2093 33 20 on
1005 2087 112 26 atiaehe
1131 2093 99 19 eneure
1245 2086 123 33 quelque
1381 2085 99 27 valeur
1494 2085 15 27 k
1539 2082 115 30 l'aotion

912 2122 47 25 de»
976 2120 227 28 missionnaires,
1220 2119 22 28 il
1258 2120 61 27 faut
1345 2119 67 28 bien
1443 2127 28 18 ce
1499 2119 99 33 garder
1622 2119 33 26 Je

914 2157 89 27 briser
1016 2164 35 20 ou
1064 2157 34 26 de
1110 2156 124 27 détruire
1248 2156 67 27 chez
1331 2164 54 18 eux
1414 2156 27 26 le
1465 2157 102 24 ressort
1590 2154 52 26 reli-

911 2192 85 34 gieux
1011 2199 67 19 sans
1091 2192 91 33 lequel
1211 2192 72 26 oette
1310 2191 106 26 action,
1431 2198 34 18 en
1494 2190 161 34 changeant

912 2230 33 24 de
959 2229 110 28 nature,
1087 2226 123 34 perdrait
1226 2233 50 19 soc
1290 2225 146 27 efficacité.
1459 2224 44 27 En
1519 2228 61 24 tout
1596 2230 57 26 cas,

913 2269 69 20 aous
999 2270 33 19 ne
1056 2263 106 26 devons
1192 2269 50 26 pas
1266 2262 112 26 oublier
1400 2268 54 26 que
1482 2262 66 25 o'eat
1574 2268 80 25 parce

911 2297 86 34 qu'Us
1012 2301 64 24 sont
1091 2304 30 19 oe
1136 2296 86 34 qu'ils
1235 2298 64 24 sont
1315 2303 53 25 que
1383 2295 40 26 les
1436 2295 219 26 missionnaires

911 2334 50 26 oat
974 2333 96 33 risqué
1084 2334 27 25 et
1124 2334 26 25 si
1163 2333 120 25 souvent
1313 2330 110 27 sacrifié
1448 2330 61 25 leur
1522 2329 47 26 vie
1586 2336 69 24 pour

911 2368 80 32 aller,
1007 2374 34 19 au
1058 2369 93 24 centre
1167 2367 97 33 ignoré
1280 2366 46 26 des
1345 2366 164 26 continents
1524 2365 90 33 jaune
1626 2367 27 25 et

912 2402 72 28 noir.
1000 2408 156 27 eneetgner,
1174 2409 67 18 avac
1257 2400 174 34 l'Evangile,
1448 2402 80 24 notre
1552 2400 103 33 langae

911 2441 27 25 Ct
953 2439 40 26 le»
1009 2438 136 30 premiers
1160 2438 138 26 éléments
1313 2437 32 26 de
1362 2439 79 24 notre
1463 2434 189 27 civilisation.

998 2530 569 124 RENNES

946 2709 50 25 Le
1024 2711 126 32 temps
1180 2707 93 35 qu'il
1297 2707 85 27 fait.
1447 2707 206 28 Observations

913 2745 34 26 dû
959 2744 32 26 21
1005 2746 163 26 novembre.
1238 2744 112 28 Ma'son
1369 2743 94 28 Binda
1491 2751 50 19 rue
1554 2743 83 28 Natio-

913 2780 73 26 nale.
1050 2779 131 30 Hauteur
1195 2779 210 33 barométrique
1421 2786 8 19 :
1561 2778 73 28 Ther-

912 2818 137 25 momètre
1065 2820 7 20 :
1088 2817 15 27 k
1135 2815 18 26 9
1178 2816 40 32 h.,
1251 2816 17 25 y
1287 2822 8 26 ;
1325 2815 141 30 maxiasa,
1486 2812 31 27 14
1527 2820 8 25 ;
1563 2815 72 27 «iai-

914 2857 57 25 ma,
985 2855 28 24 t».

951 2885 78 28 Beau
1044 2888 104 33 temps,
1165 2887 191 33 température
1370 2884 96 27 douce.

945 2923 59 26 MI!
1032 2922 145 27 'V.Undrier.
1279 2921 193 31 Aujourd'hui
1507 2919 146 37 vendredi,

909 2959 35 27 22
960 2956 162 32 novembre,
1140 2955 213 30 sainteCéoile.

947 2994 22 31 S
979 2993 58 27 ilcil
1054 3002 8 18 :
1090 2996 86 25 lever.
1193 2992 17 28 7
1239 2994 17 25 t
1294 2991 33 27 VI
1348 3000 8 24 ;
1383 2992 129 32 couoher,
1535 2989 15 28 4
1580 2991 53 28 heu-

913 3039 41 19 res
974 3028 32 30 11
1024 3048 7 8 .

946 3066 80 27 Lua*
1044 3072 6 20 :
1067 3066 84 31 lever,
1168 3061 15 28 2
1205 3064 28 27 h.
1253 3063 15 27 3
1299 3063 56 27 soir
1370 3070 7 22 ;
1395 3063 130 32 coucher,
1543 3061 61 28 2b.
1619 3060 35 30 27

912 3102 106 27 natin.

947 3136 103 28 Pleine
1064 3136 69 27 lune
1148 3135 26 27 le
1188 3132 45 28 26.

946 3169 216 38 Sphinêrides.
1225 3168 59 28 742'
1302 3168 78 28 Mort
1395 3169 33 26 de
1442 3167 120 30 Charles
1577 3167 58 30 Mar-

911 3207 48 28 tel.

945 3242 66 27 Fête
1025 3242 18 26 i>
1057 3241 148 27 souhaiter
1215 3247 7 18 :
1239 3240 86 28 Saint
1342 3239 143 30 Clément.

944 3302 155 27 Sceiété
1122 3301 278 27 d'lastructlon
1428 3300 221 34 populaire.

959 3340 78 26 Voici
1054 3340 26 26 1*
1094 3338 265 34 particulièrement
1385 3337 174 27 intéressant
1587 3344 50 27 pro-

909 3383 130 26 gramme
1055 3374 37 26 dn
1106 3376 113 25 concert
1233 3372 51 34 qai
1299 3380 61 18 sera
1370 3372 93 27 donné
1479 3372 83 26 lundi
1589 3379 47 26 pro-

912 3411 86 26 ebkin
1015 3409 33 26 23
1064 3417 97 20 covea
1169 3409 57 32 bre,
1256 3411 17 24 &
1293 3407 66 27 huit
1389 3409 99 26 heurts
1517 3406 38 27 du
1585 3405 67 34 soir,

909 3445 71 26 dans
996 3445 28 26 la
1038 3445 71 25 fcalle
1124 3444 47 26 des
1187 3444 69 26 fêtes
1271 3444 37 26 du
1324 3443 100 34 Ly6ée,
1442 3450 69 20 avec
1537 3443 25 26 le
1585 3449 52 21 con-

909 3488 80 19 cours
1005 3480 33 27 de
1052 3480 83 28 Mœ!
1156 3478 80 28 Nina
1259 3477 85 32 Prax,
1433 3478 154 27 chanteuse
1617 3477 37 27 du

909 3516 126 30 théâtre;
1057 3515 81 27 Mme
1152 3514 119 28 Darlcfl.
1287 3521 229 26 mszzo-ssprano
1527 3514 38 27 du
1576 3514 64 26 théâ-

909 3555 41 22 tre
964 3548 5 35 ;
987 3550 44 28 M.
1049 3550 143 33 Sr.lvator,
1257 3548 81 28 ténor
1351 3549 39 26 du
1411 3550 110 25 thétlre
1537 3555 8 26 ;
1573 3548 81 27 Mme

909 3587 102 26 Fablet
1038 3586 136 34 pimiste,
1192 3585 157 33 professeur
1365 3592 37 20 au
1417 3583 219 28 Cea'ervatoirc
1646 3591 7 25 ;

909 3620 81 28 MM.
1006 3620 164 33 G-ocanne,
1188 3620 145 32 ConlfMe,
1352 3618 104 35 Sylva.
1474 3618 113 33 Fablet,
1603 3619 35 27 Bo-

909 3659 73 25 blin.
999 3656 191 30 Ltlourueux,
1206 3656 138 30 Jouaniu,
1378 3654 89 35 Rigtx
1494 3657 26 26 et
1551 3653 102 34 Ducos,

911 3692 159 34 professeur
1084 3699 37 20 au
1136 3692 227 28 Conservatoire.

1144 3741 152 26 PREMIÈRE
1311 3745 104 21 PABTIE

945 3776 26 27 1.
987 3775 122 34 Allegro
1122 3776 39 27 da
1186 3778 124 31 septuor,
1341 3776 33 25 de
1401 3772 154 33 Hnmmsl,
1583 3781 74 27 peur

911 3810 94 34 piaao.
1023 3810 109 32 violon,
1148 3810 157 27 clarinette,
1324 3809 79 33 fiàte,
1419 3810 162 32 trompette,
1598 3809 46 26 vio

909 3846 120 27 loncellt
1044 3848 26 25 et
1100 3846 181 27 contrabasse
1306 3844 96 34 (Mme
1429 3843 111 32 Fablet,
1571 3842 79 30 MM.

909 3880 164 34 Greaanae,
1089 3881 136 30 J'iuaaiu,
1241 3880 118 31 Bsblia,
1377 3881 97 32 Ri*;»,
1500 3879 100 28 Fablet
1629 3881 26 26 et

909 3915 116 32 Doeos).
1102 3914 27 28 2.
1147 3917 40 27 La
1202 3915 104 28 Dé«s«e
1322 3919 26 24 et
1363 3914 26 28 le
1403 3915 120 33 Beryer.
1540 3921 96 20 roman-

909 3960 39 22 ce,
966 3953 128 32 Duprata
1108 3952 54 33 (M.
1180 3951 157 31 Salvator).
1401 3952 25 26 3.
1452 3948 94 37 Idylle
1559 3953 27 25 et
1603 3950 37 27 Lé-

908 3986 92 37 gende
1016 3996 69 27 pjur
1101 3986 143 32 hautbois,
1261 3985 109 28 Bartbe
1384 3985 54 33 (M.
1453 3984 203 34 Letourneux).

911 4024 73 27 —4.
999 4028 58 24 Air
1071 4022 34 30 de
1122 4023 128 27 Samion
1266 4028 26 22 et
1317 4020 105 28 D&lila
1427 4019 5 32 ,
1462 4019 195 30 Saint-Saies

909 4057 94 33 (Mme
1018 4057 132 34 Dariofi).
1214 4058 26 26 5.
1258 4065 28 19 À.
1305 4057 152 27 Berceuse.
1480 4056 93 28 R«b*r
1589 4064 7 22 ;
1623 4064 27 19 B.

911 4096 129 25 Âtinuei.
1058 4093 172 28 Boecherini
1256 4093 89 30 (MM.
1376 4091 163 32 Grouaanc,
1570 4090 66 30 Com-

909 4130 81 31 tesse,
1009 4129 60 27 Fab
1082 4131 27 24 et
1122 4133 27 22 et
1166 4128 104 32 Ducc)
1331 4127 15 26 6
1361 4127 54 28 Air
1429 4126 227 35 duFreischïis,

911 4163 106 27 Weber
1030 4163 93 32 (Mate
1136 4163 201 31 Niaa-Prax).

946 4199 76 35 Cinq
1038 4200 128 27 minutes
1180 4200 163 26 d'eatraote.

1147 4254 34 19 DE
1187 4248 67 25 I'XIÙ
1259 4253 40 20 ME
1312 4253 110 20 PARTIE
1436 4250 6 6 '

945 4284 25 27 1.
991 4283 104 28 Finale
1109 4281 39 30 du
1162 4283 159 32 Quintette,
1341 4281 154 34 Reiisiger.
1513 4290 69 21 poar
1598 4280 59 35 pin'

911 4326 45 25 no,
972 4318 17 27 2
1004 4319 122 32 violans,
1142 4322 59 24 alto
1228 4320 27 25 et
1285 4318 183 27 violonoelle.
1483 4317 96 34 (Mme
1606 4317 34 28 Pa-

909 4355 53 33 let,
978 4354 78 28 MM.
1074 4352 163 32 Grouanna,
1254 4352 146 33 Contessc,
1427 4352 94 32 Sylva
1534 4358 27 20 et
1579 4352 57 26 Fab-

912 4390 80 31 blet.)
1054 4389 28 27 2.
1096 4397 30 19 A.
1142 4388 124 30 Aubade
1281 4387 39 30 du
1336 4388 59 28 Roi
1420 4387 84 31 d'Ys,
1520 4387 70 28 Lalo
1606 4395 7 22 ;
1630 4395 26 19 B.

912 4423 98 27 Chant
1024 4423 169 37 prneençal,
1211 4423 159 27 Maisenrt.
1390 4423 56 33 (M.
1466 4423 133 26 Salvator
1612 4421 12 35 )

909 4459 26 28 S.
953 4460 133 27 Andnntf
1108 4460 144 27 variation
1278 4462 27 24 et
1333 4460 96 26 inaie.
1460 4457 33 28 £.
1509 4457 148 32 Jansonrt,

912 4502 69 26 ponr
1004 4495 131 27 hautbois
1152 4495 54 31 (M.
1222 4494 208 32 Letournanx.)
1455 4507 22 7 -
1504 4493 27 28 4.
1546 4494 113 27 Ameur

911 4534 26 22 et
953 4530 139 33 Douleur,
1124 4528 89 32 Gtlli,
1230 4537 69 20 avse
1326 4533 274 30 accompagnement
1625 4528 34 27 de

911 4566 178 27 violonetile.
1106 4565 96 34 (Mme
1215 4564 110 28 Darlofi
1354 4569 27 22 et
1409 4564 44 27 M.
1483 4564 79 28 Fabl'
1573 4567 11 22 t
1598 4567 11 28 J

909 4599 28 28 5.
953 4609 30 20 A.
998 4600 32 28 M
1035 4607 93 27 muet,
1144 4599 130 28 Ilaëndal
1291 4606 7 26 ;
1325 4607 30 19 ».
1380 4599 76 27 Entr
1467 4602 76 31 acte,
1558 4598 84 28 l'hau-

911 4635 71 30 bert.
998 4636 78 28 Pour
1090 4637 14 25 12
1121 4636 120 30 violons,
1259 4637 71 32 alto,
1348 4633 171 28 violoncelle
1546 4638 27 22 et
1590 4642 52 20 oon-

909 4671 135 27 trtbsue.
1064 4671 91 31 (MM.
1187 4670 168 34 Grouanne,
1383 4670 144 27 Contesse.
1554 4669 103 34 Sylva,

911 4706 102 27 Fablet
1024 4710 28 24 et
1068 4706 106 28 Duao».
1241 4704 30 27 6.
1289 4706 66 26 Duo
1370 4704 39 27 du
1434 4704 59 27 Roi
1507 4704 84 32 d'Ys,
1606 4704 35 27 La-

911 4743 37 26 lo.
963 4741 94 33 (Mme
1070 4742 81 27 Nina
1163 4741 77 28 Prax
1254 4743 27 25 et
1298 4740 46 28 M.
1364 4740 159 31 Salvator.)

946 4775 39 28 Le
999 4778 87 34 piano
1102 4778 15 26 à
1133 4783 91 28 queue
1238 4785 15 19 a
1266 4776 44 26 été
1325 4776 78 33 prité
1430 4775 229 34 gracieusement

912 4819 50 27 par
977 4813 28 28 la
1018 4814 109 26 mai»en
1142 4811 260 30 Bossard-Bonne!.

951 4876 56 28 Au
1023 4874 168 38 I».«nqiiet
1204 4873 47 28 de
1279 4873 26 28 I'
1325 4881 17 20 «
1354 4872 126 31 Union
1492 4871 48 30 du
1554 4872 79 28 Com-

912 4925 123 20 merce
1063 4925 27 21 ».
1185 4915 50 31 Au
1263 4923 90 22 court
1382 4913 41 31 du
1453 4913 135 35 baaqnel
1624 4915 35 28 dt

1696 189 132 32 l'Union
1846 190 44 27 du
1917 188 182 32 Commtr-.»
2100 210 9 13 y
2137 197 41 21 on
2194 190 54 28 dei
2271 191 136 28 orateurs
2424 197 20 22 a

1697 230 54 30 fail
1768 229 133 30 allusion
1915 230 19 30 à
1945 237 60 24 une
2033 229 113 39 phrase
2171 229 138 30 fameaie
2335 229 39 32 de
2394 229 46 32 M.

1700 268 161 34 Habbard,
1878 270 172 34 prononcée
2067 269 18 30 à
2098 275 61 24 une
2178 268 201 31 diilribnlion
2406 272 37 30 de

1697 308 80 39 prix,
1792 312 28 27 el
1835 315 18 21 a
1867 309 118 38 engagé
1997 309 44 31 les
2057 309 106 37 jeunes
2179 308 161 35 apprentis
2355 309 19 28 à
2388 309 37 31 dé-

1698 348 86 31 tenir
1801 347 53 30 des
1871 347 138 39 eitoyens
2023 348 92 31 ailles
2132 348 18 28 à
2163 347 66 28 leur
2244 354 90 31 pays.

1737 386 46 32 La
1799 386 112 38 phrase
1925 396 38 24 en
1976 387 142 38 question
2133 396 18 20 a
2179 386 45 31 été
2258 391 182 33 prononaée,

1698 435 63 24 non
1800 433 54 30 par
1891 426 193 32 l'honorable
2125 425 45 31 M.
2211 425 230 39 Lemarchand,

1698 474 122 24 comme
1834 475 78 21 nous
1930 467 118 31 l'avons
2062 465 57 35 dit,
2137 464 79 32 mais
2231 472 57 31 par
2303 464 45 31 M.
2368 467 58 31 Lsr-

1700 507 81 32 cher,
1788 506 156 38 président
1950 508 41 28 du
2002 504 126 33 Conseil
2137 504 53 32 des
2199 503 243 40 prud'hommes,

1701 554 67 30 que,
1783 549 143 27 nouveau
1937 556 80 20 venu
2029 547 19 28 à
2062 546 137 35 Rennes,
2211 553 81 22 nous
2302 543 142 34 n'avions

1702 594 53 30 pas
1770 585 163 33 l'honneur
1948 586 38 32 de
2000 586 170 32 connaître.

1741 648 53 30 La
1808 647 279 33 Sainte-Cécile
2101 652 25 27 à
2138 647 116 32 Notre
2268 648 124 33 Dame.

1703 687 45 32 La
1761 689 106 33 S&inte
1885 692 105 30 Ctaite
2016 699 69 22 sera
2111 692 138 30 célébrée
2277 691 168 33 dim&nohe

1703 730 150 35 proohain
1867 732 18 27 à
1900 729 94 32 Noire
2010 731 110 34 Dame,
2139 731 38 30 de
2197 729 137 35 Rennes,
2355 731 91 33 d'une

1703 770 90 34 façon
1806 771 282 35 particulièrement
2099 771 157 28 brillaute.
2270 769 176 34 L'imitent

1703 810 156 35 organiste
1873 810 38 31 de
1923 810 31 30 la
1970 810 145 35 paroisse,
2134 810 46 30 M.
2197 807 37 32 C.
2259 808 39 31 A.
2329 809 116 38 Collio,

1703 852 162 27 •xéoaiera
1878 857 40 24 en
1931 849 72 31 effet
2017 857 76 24 avec
2107 859 43 21 un
2165 853 93 27 (aient
2283 849 92 38 qu'on
2404 850 43 31 lai

1704 888 125 31 connaît
1844 898 34 21 ce
1893 898 196 30 programme
2105 889 38 32 de
2154 889 92 32 choix
2263 898 8 22 :

1740 947 91 20 messe
1846 947 35 20 de
1893 947 78 21 neuf
1987 948 122 20 hbures.
2174 940 27 30 1.
2226 940 141 33 Prélude,
2388 940 40 30 En-

1706 974 58 28 rite
1778 976 83 27 £ossi
1873 985 6 21 ;
1896 974 17 27 2
1941 977 163 30 Cantilène,
2120 976 38 31 G.
2178 978 105 27 Pierné
2296 984 6 24 ;
2324 976 17 26 3
2370 977 59 28 Cho-

1706 1010 48 28 ral
1768 1019 34 19 en
1818 1010 31 28 la
1864 1012 122 31 mineur,
2003 1011 86 30 César
2104 1012 117 27 Fiaaok
2231 1020 8 25 ;
2268 1011 27 27 4.
2311 1011 138 30 Andante

1708 1045 168 32 Pastorale,
1892 1045 33 30 C.
1955 1046 37 27 A..
2022 1046 97 28 Collin
2131 1055 6 24 ;
2166 1048 25 25 B.
2225 1045 106 28 Finale
2356 1045 37 30 ie
2406 1044 45 33 *la

1707 1080 151 30 deuxième
1872 1081 180 33 st/mphonie,
2073 1083 32 27 C.
2120 1081 45 30 M.
2180 1081 118 30 Widor.

1741 1123 92 20 misse
1850 1109 123 40 de'midi,
2065 1116 25 27 1.
2118 1116 37 27 In
2179 1116 184 33 paradisum.
2393 1116 57 30 Th.

1709 1150 124 32 Dubois;
1848 1149 18 27 2
1892 1150 167 34 Fantaisie,
2075 1152 33 30 C.
2126 1150 85 30 Saint
2231 1150 107 34 Sains;
2355 1152 26 28 3.
2400 1153 34 27 Al-

1708 1186 131 35 legretto,
1856 1194 34 18 «n
1906 1187 93 27 forme
2015 1188 169 33 canonique,
2200 1186 33 30 C.
2263 1188 38 27 A.
2331 1187 97 31 Collin
2444 1195 7 26 ;

1708 1221 27 26 4.
1749 1220 141 33 Scherzo,
1905 1221 58 28 Tb.
1980 1221 126 28 Salomé.

1748 1281 270 31 Déraillement
2031 1291 93 21 sai»s
2146 1283 159 38 gravité.
2376 1285 76 30 Hier

1709 1322 219 37 l'après-midi,
1954 1323 73 28 trois
2068 1331 129 28 wigons
2225 1324 38 31 de
2289 1325 143 30 marchan-

1710 1362 81 30 dises
1820 1364 167 27 contenant
2014 1362 53 30 des
2095 1371 142 27 pommes
2271 1369 28 26 et
2339 1364 115 30 faisant

1710 1410 97 26 queue
1837 1409 40 20 au
1905 1402 79 30 train
2014 1406 113 26 venant
2156 1402 38 31 de
2220 1402 89 32 Saint
2328 1403 86 31 Malo
2437 1406 17 27 à

1709 1442 19 27 2
1743 1442 31 27 h.
1787 1440 48 35 SÏ,
1853 1444 69 26 sont
1935 1440 91 31 sortis
2041 1440 53 32 des
2111 1442 74 30 rails
2199 1448 30 25 el
2252 1450 32 25 se
2309 1448 69 26 soal
2401 1452 35 22 en-

1711 1481 113 30 sablés.

1748 1519 113 31 Aucun
1877 1520 102 30 retard
1993 1519 71 32 n'en
2075 1524 46 27 est
2133 1521 124 32 résulté.

1748 1579 220 30 Renversée
1978 1583 39 27 et
2030 1580 151 31 traînée
2202 1591 71 30 par
2287 1592 76 20 une
2376 1581 59 30 voi-

1711 1622 97 27 ture.
1899 1619 77 32 Hier
2004 1622 109 35 matin,
2133 1632 67 21 vers
2222 1623 19 30 8
2267 1624 120 34 heures,
2413 1632 41 22 un

1710 1659 139 31 accident
1873 1659 71 31 s'est
1970 1661 125 37 produit
2109 1662 154 38 faubourg
2285 1663 89 30 Saint
2393 1663 40 31 Hé-

1709 1700 69 33 lier,
1805 1708 38 21 en
1867 1700 67 30 face
1963 1701 28 30 le
2016 1704 35 26 n°
2074 1701 50 31 20.
2143 1702 45 30 M.
2205 1702 131 31 Charles
2349 1703 104 34 Truel,

1709 1746 117 30 garçon
1859 1739 133 31 bouoher
2022 1741 72 30 ohez
2125 1741 45 30 M.
2196 1741 180 38 Choquené,
2402 1750 54 22 rue

1713 1779 94 30 Motte
1826 1779 118 35 Fablet,
1972 1778 30 35 6,
2030 1781 178 28 conduisait
2244 1789 60 24 ane
2333 1781 119 31 voiture

1711 1819 130 35 chargée
1871 1819 37 28 de
1937 1819 112 31 viande
2078 1827 77 30 pour
2183 1820 150 39 l'hospice
2356 1821 89 31 Saint

1711 1857 81 30 Yves
1806 1863 27 25 el
1846 1859 109 28 attelée
1968 1859 73 28 d'un
2057 1860 120 28 cheval.
2198 1860 43 30 Le
2270 1866 79 25 tram
2375 1861 65 30 élec-

1711 1904 99 31 trique
1826 1897 109 31 s'élanl
1951 1899 106 30 trouvé
2073 1900 17 26 à
2104 1906 107 30 passer
2237 1900 81 37 jusle
2335 1909 41 22 au
2392 1899 45 35 mê-

1713 1945 47 21 me
1775 1939 146 28 moment,
1939 1937 28 31 le
1983 1937 109 31 cheval
2107 1942 52 26 eut
2174 1946 76 31 peur
2265 1944 30 27 el
2310 1948 148 24 renversa

1711 1977 200 30 violemment
1935 1977 17 27 à
1981 1982 77 26 terrj
2085 1977 86 31 Mme
2185 1977 175 35 Chesnard,
2386 1980 72 38 âgée

1711 2016 37 30 de
1774 2015 39 30 27
1839 2023 66 26 ans,
1924 2015 177 39 balayeuse,
2130 2017 183 32 demeurant
2341 2028 53 22 rue
2421 2020 38 31 de

1713 2055 99 34 Brest,
1828 2055 48 30 35.
1896 2055 41 31 Le
1967 2056 216 38 marche-pied
2211 2057 39 31 de
2269 2059 31 30 la
2324 2059 131 37 voitnre,

1714 2095 61 34 pris
1792 2095 78 31 dans
1884 2102 47 24 ses
1946 2095 181 38 vêlements,
2146 2106 19 20 a
2180 2099 102 30 traîné
2296 2100 28 27 la
2336 2107 120 30 pauvre

1710 2134 113 31 femme
1852 2144 53 21 sur
1932 2144 60 22 une
2021 2137 151 37 longueur
2200 2138 39 30 de
2255 2138 48 30 six
2331 2140 126 30 mèires.

1714 2173 84 31 Dans
1827 2183 33 21 sa
1890 2173 102 35 chute,
2017 2177 60 30 ellé
2104 2176 71 31 s'est
2203 2177 58 30 fail
2289 2186 60 22 une
2363 2186 96 30 grave

1713 2213 136 31 blessure
1863 2215 18 28 à
1896 2215 30 30 la
1942 2215 58 31 tête
2011 2216 53 35 qui
2094 2224 18 21 a
2139 2218 141 35 répandu
2297 2218 161 33 beaucoup

1711 2254 38 30 de
1765 2262 86 28 sang.
1867 2254 99 34 Après
1983 2255 85 30 avoir
2083 2263 72 27 reçu
2184 2257 44 28 les
2259 2257 84 30 soins
2360 2257 38 31 de
2413 2257 44 31 M.

1711 2294 27 30 le
1752 2293 125 31 docteur
1893 2294 164 35 Duhamel,
2075 2295 59 31 elle
2151 2303 14 20 s
2196 2297 47 28 été
2265 2300 194 33 transportée

1711 2333 17 30 à
1748 2331 224 32 l'Hôtel-Dieu.

1752 2396 165 39 Ktraaje
1931 2399 255 28 insouciance.
2257 2401 78 31 Hier
2350 2404 91 37 après-

1713 2438 87 35 midi,
1818 2446 67 22 vers
1899 2440 19 27 4
1933 2439 120 33 heures,
2073 2439 112 37 l'agent
2204 2440 170 32 Dobinaull
2387 2444 74 30 était

1713 2478 84 28 avisé
1812 2486 56 28 par
1883 2486 61 21 une
1970 2479 136 33 lavenie,
2138 2479 86 32 Mme
2250 2479 131 37 Poirier,
2407 2491 54 22 rue

1713 2517 35 31 de
1765 2517 116 35 Dinan,
1898 2518 48 34 51,
1963 2518 98 38 qu'un
2088 2524 115 32 paquel
2231 2520 119 30 d'eflet»
2376 2523 84 31 avait

1711 2558 46 28 été
1770 2561 106 27 trouvé
1890 2567 54 30 par
1959 2559 69 33 elle,
2047 2557 78 31 dans
2141 2568 31 20 la
2185 2558 104 32 vieille
2301 2561 112 31 rivière
2421 2562 39 31 de

1710 2596 93 32 l'llle.
1822 2596 50 32 En
1885 2597 83 35 eflel,
1984 2597 133 38 l'ageent
2132 2607 20 28 y
2167 2602 110 27 trouva
2289 2609 45 20 un
2347 2606 113 33 paquel

1711 2640 145 34 composé
1871 2637 73 30 d'oa
1972 2637 149 38 pantalon
2151 2637 39 31 de
2219 2641 133 33 veloirs,
2381 2641 74 31 d'un

1710 2675 76 39 gilet
1800 2678 37 30 de
1852 2678 122 33 travail,
2004 2678 93 30 d'une
2126 2682 158 32 casquette
2310 2682 30 27 el
2367 2680 94 32 d'une

1713 2717 84 37 paira
1812 2715 226 38 d'espadrilles.
2056 2717 63 30 Des
2134 2721 126 33 pochas,
2278 2719 24 27 il
2317 2727 39 22 ne
2369 2720 92 31 relira

1710 2756 97 38 qu'un
1822 2756 86 30 billet
1922 2757 38 28 de
1974 2754 31 28 3*
2017 2757 100 28 elasse
2133 2758 71 28 daté
2219 2758 44 28 du
2278 2758 37 28 14
2331 2767 106 24 novem-

1711 2796 52 30 bre
1776 2796 132 32 dernier,
1937 2797 149 28 émanant
2111 2796 39 31 de
2179 2797 260 40 Parii-Montpar-

1711 2844 100 21 nasse.
1830 2835 81 31 C'est
1925 2837 211 28 évidemment
2152 2838 135 37 quelque
2317 2846 143 24 nouveau

1711 2876 99 28 soldai
1824 2880 113 26 venant
1952 2876 38 28 de
2009 2876 98 33 Paris,
2125 2877 65 35 qui,
2219 2884 60 30 peu
2309 2878 150 31 souaieux

1710 2916 38 30 de
1763 2922 94 31 payer
1871 2916 53 27 des
1937 2915 77 28 frais
2028 2916 37 28 de
2087 2919 98 34 garde
2200 2924 77 30 pour
2309 2924 46 25 sas
2381 2919 65 32 vêle-

1711 2960 109 28 métis,
1837 2962 17 21 a
1866 2955 72 38 jugé
1956 2955 69 38 pins
2041 2955 113 38 (impie
2171 2955 37 32 de
2223 2956 44 32 les
2296 2956 116 33 oanfier
2443 2961 18 28 à

1709 2994 32 31 la
1754 2994 120 31 rivière.

1748 3051 104 30 Pour
1865 3050 69 30 des
1948 3050 217 39 Orphelins,
2233 3053 51 32 On
2301 3063 78 22 noai
2395 3056 66 38 prie

1709 3092 189 31 d'annoncer
1912 3092 97 34 qu'un
2026 3097 123 26 concert
2172 3100 79 30 poar
2280 3094 44 31 les
2350 3094 91 38 orphe-

1709 3133 61 30 lins
1821 3131 38 31 de
1909 3131 89 30 Saint
2015 3131 195 38 Georgas-de
2228 3132 234 33 Reinlembanlt

1710 3180 66 22 sera
1787 3171 103 30 donné
1902 3170 30 32 le
1957 3171 146 31 vendredi
2120 3170 19 30 6
2156 3171 163 32 décembre
2346 3176 18 27 &
2379 3174 19 30 8
2427 3176 32 28 h.

1710 3211 50 34 114
1774 3210 41 31 da
1831 3210 61 30 soir
1905 3210 78 30 salle
2010 3210 39 32 de
2076 3210 293 39 l'Hôtel-de-Ville,
2400 3222 60 30 par

1711 3250 44 31 M.
1772 3249 163 32 Théodore
1950 3249 104 32 Botrel
2070 3253 53 35 qui
2140 3252 65 30 fera
2233 3253 149 31 entendre
2413 3262 47 22 ses

1709 3291 156 31 dernières
1892 3291 154 30 créations
2062 3298 9 22 :
2108 3289 168 32 Chansons
2311 3295 28 27 el
2376 3293 64 32 Den-

1710 3333 97 30 le'tes,
1826 3333 59 27 eto.

1752 3370 25 30 Il
1793 3379 20 28 y
1827 3378 77 21 aura
1919 3378 60 21 une
1993 3369 139 32 eomédie
2146 3373 85 27 enlre
2244 3371 43 31 les
2298 3372 81 32 deux
2392 3380 51 32 par-

1715 3410 57 31 lies
1787 3412 43 27 cia
1848 3412 135 27 concert.

1749 3469 83 32 Une
1852 3470 256 37 récompense.
2198 3470 46 32 M.
2277 3471 180 39 Chartrxin,

1711 3515 120 34 sergent
1847 3521 39 20 au
1900 3510 50 30 41'
1963 3509 152 38 régiment
2130 3510 198 33 d'infanterie
2344 3515 18 28 à
2379 3515 60 31 Ren-

1711 3562 64 24 nes,
1794 3552 84 30 vient
1893 3552 96 28 d'être
2003 3550 122 33 décoré,
2143 3559 56 27 par
2233 3552 30 30 le
2289 3561 158 27 gouverne

1711 3595 96 30 ment,
1821 3591 93 30 d'une
1930 3588 146 32 médaille
2091 3588 38 32 de
2143 3589 122 37 bronza,
2283 3600 78 27 p«ur
2373 3593 89 33 s'être

1711 3633 120 35 signalé
1845 3631 78 28 dans
1938 3630 137 30 diverses
2106 3628 242 38 circonstances,
2362 3637 30 27 et
2407 3643 40 21 no

1713 3674 151 26 tamment
1891 3678 39 22 en
1964 3669 177 31 maîtrisant
2184 3679 43 21 nn
2256 3671 110 32 cheval
2396 3680 43 25 em-

1713 3712 94 37 porté.

1775 3810 243 47 SOIRÉE
2067 3819 328 40 RENNAISE

1747 3914 169 28 TblAtre
1931 3915 50 27 de
2006 3917 168 26 Rennes.
2261 3915 125 30 Demain
2412 3925 32 21 ia-

1714 3953 86 31 mtdi,
1830 3953 17 26 à
1859 3951 18 28 8
1892 3953 99 26 hearai
2013 3954 28 25 al
2068 3953 104 26 demie.
2199 3951 146 28 Première
2370 3954 77 33 repré-

1711 3987 144 28 sentation
1872 3987 33 27 de
1926 3986 143 33 Werther,
2086 3987 99 28 drame
2198 3987 117 35 lyrique
2327 3996 34 20 an
2379 3989 15 27 4
2412 3997 32 21 ao-

1713 4025 52 28 tei,
1782 4024 133 33 musique
1930 4025 33 25 de
1980 4023 155 28 Masieaet.

1748 4058 164 30 Dimanobe
1936 4058 17 27 à
1967 4057 17 28 8
2011 4061 100 25 heures
2139 4057 52 34 I[4,
2219 4058 239 37 Représentation

1714 4094 275 35 d'opéra-eemifue.

1768 4204 234 37 TRIBUNAL
2039 4204 366 39 COSBECTIOPIÎEI.

1792 4289 167 31 AUDIENCE
1980 4298 41 21 DU
2042 4290 38 30 21
2101 4297 174 22 NOVEMBRE
2306 4289 76 31 1901

1716 4361 185 32 P/êsidonce
1918 4369 8 21 :
1943 4361 46 31 M.
2002 4361 211 38 Gaspa:llard.
2307 4361 152 33 Substitut

1853 4401 41 30 da
1917 4409 170 28 procureur
2109 4409 9 21 :
2134 4400 45 31 M.
2209 4400 112 32 Fiaux.

1754 4475 47 30 La
1828 4485 78 27 ptur
1935 4474 41 30 du
2003 4475 188 38 gendarmt.
2274 4475 45 31 M.
2347 4476 110 34 Corne,

1715 4517 184 30 oaltivateur
1915 4524 40 21 au
1970 4515 73 31 Clos
2074 4515 223 31 Saint-Pierre,
2326 4524 38 22 en
2393 4515 51 31 No

1715 4559 123 35 yal-sur
1854 4556 135 33 Vilaine,
2027 4556 151 38 l'aperçut
2211 4557 30 28 le
2276 4556 37 30 28
2340 4557 119 30 octobre

1715 4596 122 31 dernier
1853 4603 58 30 que
1926 4596 53 28 des
1995 4596 111 37 greffe*
2121 4596 123 28 avaient
2274 4597 46 28 été
2339 4597 119 28 canôes

1715 4636 18 28 à
1746 4635 64 32 l'on
1826 4635 37 31 de
1878 4643 47 22 ses
1941 4635 178 37 pommier».
2150 4635 131 31 Comme
2303 4635 149 38 quelques

1715 4676 85 35 jours
1815 4680 203 32 auparavant,
2036 4675 21 28 il
2074 4674 84 31 avait
2172 4674 43 30 dû
2230 4675 163 37 congédier
2421 4683 34 21 sa

1716 4720 150 30 servante,
1884 4717 32 26 la
1930 4713 65 32 fille
2011 4713 129 37 Poirier,
2172 4716 73 34 âgée
2270 4714 38 30 de
2334 4713 37 31 17
2387 4722 67 26 ans,

1715 4754 53 37 qui
1781 4761 38 24 ne
1835 4762 31 21 se
1878 4753 104 38 gênait
2007 4761 54 30 pas
2086 4754 28 28 le
2144 4755 100 28 moins
2281 4753 40 31 du
2346 4753 113 32 monde

1719 4802 74 28 pour
1808 4798 116 26 rentrer
1939 4794 18 28 à
1971 4792 38 30 11
2027 4792 31 31 h.
2074 4792 47 35 I|2
2138 4801 39 21 on
2193 4792 122 34 minait,
2334 4793 22 30 il
2374 4796 85 31 porta

1716 4841 47 21 ses
1778 4841 152 28 lonpçoni
1944 4841 51 20 sur
2010 4835 77 27 oette
2106 4832 151 31 dernière.
2289 4832 44 31 M.
2365 4832 94 31 Corne

1716 4872 87 30 aviia
1819 4873 30 28 la
1861 4872 216 37 gendarmerie
2093 4871 41 31 da
2147 4872 66 37 fait,
2230 4876 30 27 et
2275 4872 80 32 deux
2381 4880 57 28 gen-

1717 4913 122 30 darme»
1856 4915 37 27 de
1909 4911 233 34 Ch&lcaugiron
2158 4912 206 31 constatèrent
2376 4913 7 27 l
2399 4920 60 21 era-

2498 191 117 35 preinte
2630 188 39 30 de
2683 197 56 30 pas
2754 194 30 25 et
2796 191 28 27 al
2839 190 86 28 èrent
2952 188 146 31 oherchpr
3125 190 30 30 la
3177 189 21 31 â
3215 190 27 30 le

2500 227 129 33 Poirier.
2646 227 58 32 Les
2719 229 187 30 chaas<ures
2934 228 39 31 de
3000 233 78 26 celle
3103 229 139 32 dernière

2498 267 273 38 correspondaient
2784 268 217 39 parfaitement
3017 276 61 21 aax
3087 269 135 39 emprein-

2498 312 63 30 tes.,
2571 306 220 37 Questionnée,
2813 307 60 32 elle
2888 307 53 31 nia
2955 307 141 37 d'abord,
3124 309 119 38 paisse

2498 347 58 31 mil
2569 347 19 30 à
2601 347 120 37 pleurer
2737 352 28 26 el
2779 354 102 22 avoua
2894 354 60 31 que
2967 347 27 31 ie
3009 348 119 31 samedi
3144 347 39 31 86
3195 356 33 22 oc-

2499 386 93 34 tobre,
2614 394 65 22 vers
2701 386 19 31 3
2735 387 31 30 h.
2794 386 50 35 I|2
2872 386 37 31 de
2935 386 222 39 l'après-midi,
3184 387 60 31 elle

2499 425 98 32 s'était
2613 425 115 32 rendae
2743 428 77 30 dans
2836 426 28 31 le
2878 426 116 38 champ
3008 428 38 31 de
3061 426 47 32 M.
3135 425 106 37 Come,

2499 470 30 27 el
2542 464 85 32 avait
2641 468 86 30 cassé
2743 475 47 22 ses
2805 465 111 38 greffes
2935 476 74 27 pour
3026 475 32 22 se
3079 474 115 30 venger
3208 467 37 31 de

2500 513 34 24 oa
2549 504 136 32 dernier.

2539 543 83 32 Mais
2635 555 33 20 sa
2685 547 93 34 mère,
2794 554 38 21 ne
2858 546 162 32 l'entendit
3035 554 56 30 pas
3122 546 80 31 ainsi
3216 549 30 27 et

2500 583 125 31 déolara
2641 594 58 28 que
2712 586 26 30 si
2753 594 34 21 sa
2803 585 65 33 fille
2895 586 84 31 avait
3008 586 110 35 avoué,
3144 586 100 31 o'étail

2503 632 54 30 par
2571 632 76 28 peur
2662 627 52 28 des
2727 626 197 37 gendarmes.

2539 660 30 33 A
2583 663 182 37 l'audience,
2783 666 151 30 l'acousés
2948 664 46 30 dit
3008 673 60 28 que
3084 673 34 21 sa
3132 666 83 30 mère
3228 674 19 20 a

2503 703 104 30 raison
2622 709 27 25 el
2665 712 39 22 au
2720 705 107 31 milieu
2843 705 38 30 ds
2902 712 48 22 ses
2968 706 137 35 sanglots
3122 706 58 30 elle
3196 706 37 30 dé

2503 743 81 30 clara
2596 744 112 35 qu'elle
2721 745 84 28 avait
2819 752 41 21 vu
2877 745 45 28 les
2935 748 154 27 revolvers
3105 745 53 30 des
3174 752 56 30 gen-

2503 782 122 28 darmes
2640 788 28 25 el
2683 791 59 30 que
2758 791 56 30 par
2839 783 118 30 crainte
2983 783 93 32 d'ôlre
3089 787 159 30 emmenée

2503 822 59 30 elle
2577 821 98 32 s'était
2692 831 58 21 vue
2764 823 119 37 obligée
2898 823 158 31 d'avouer.

2544 860 43 31 Le
2602 862 133 30 tribunal
2752 862 123 30 déclare
2889 869 60 30 que
2962 870 41 21 va
3026 863 30 30 le
3087 865 90 37 jeune
3194 863 54 38 âge

2504 900 38 31 de
2556 900 159 35 l'accusée,
2733 901 22 30 il
2771 908 20 32 y
2805 909 19 21 a
2837 901 64 30 lieu
2915 901 38 32 de
2965 901 185 39 l'acquitter,
3168 906 80 28 mais

2505 940 83 31 aussi
2604 940 37 32 de
2654 940 137 33 déclarer
2816 948 34 24 sa
2877 941 84 32 mère
2988 943 178 32 civilement
3189 951 46 24 res-

2505 980 158 39 ponsable.

2544 1019 86 30 Pour
2652 1018 156 39 itrslofi.
2872 1020 44 32 Le
2931 1024 126 28 nommé
3071 1022 97 32 J.-M.
3189 1023 40 30 Da-

2505 1065 111 32 quaau,
2634 1058 57 39 âgé
2702 1059 38 31 da
2759 1059 39 31 42
2817 1069 66 28 ans,
2922 1063 174 35 comparait
3126 1064 111 37 anjour

2506 1097 85 31 d'hui
2609 1107 77 30 pour
2701 1100 30 30 la
2746 1098 38 31 32
2812 1101 58 28 fois
2887 1101 115 30 devant
3039 1110 43 21 un
3110 1103 137 30 tribunal

2506 1139 222 31 correctionnel
2743 1147 71 22 sous
2837 1140 217 37 l'inoulpatiou
3085 1142 37 30 de
3150 1150 99 28 vaga»

2507 1176 139 38 bondage
2661 1182 28 24 et
2701 1178 178 31 mendicité.
2893 1179 244 37 Dernièrement,
3154 1182 97 31 trré'é

2506 1219 19 28 à
2541 1217 99 38 Corps
2657 1217 102 34 Nuds,
2777 1227 39 21 en
2830 1219 133 37 flagrant
2979 1219 76 31 délit
3072 1221 73 31 ohez
3162 1221 46 31 M.
3223 1224 30 30 la

2507 1265 144 22 receveur
2667 1258 53 30 des
2734 1261 112 32 postes,
2862 1258 21 28 it
2910 1261 91 34 parut
3030 1260 152 32 enchanté
3208 1261 31 30 di

2509 1299 67 26 sanl
2593 1304 59 30 que
2675 1294 178 39 l'approche
2870 1298 38 28 de
2922 1297 111 31 l'hiver
3060 1299 45 28 lui
3132 1300 120 30 rendait

2507 1337 31 28 la
2554 1336 106 37 prisoa
2669 1337 184 30 nécessaire.
2867 1337 94 28 Aussi
2974 1338 30 28 le
3014 1337 149 37 tribunal,
3178 1348 74 22 aveo

2510 1384 60 21 ane
2585 1375 180 38 obligeance
2776 1377 154 30 vraiment
2946 1380 83 27 toute
3043 1377 208 37 particulière,

2510 1415 43 31 lui
2583 1415 178 31 ootroie-l-il
2797 1416 73 30 trois
2896 1416 91 38 longs
3005 1416 78 31 mois
3109 1416 38 33 da
3182 1427 59 28 pen

2510 1455 81 30 ■ion.

2551 1494 191 31 Chtvronnt.
2835 1494 91 32 Celui
2946 1495 28 30 là
2989 1499 45 27 est
3064 1505 43 22 un
3129 1498 124 31 vétéran

2511 1534 169 34 ehevonné,
2698 1534 22 31 il
2735 1541 33 24 se
2784 1543 126 24 nommu
2928 1534 94 31 Louis
3040 1534 132 35 Daudat,
3200 1537 56 38 âgé

2511 1573 38 31 de
2563 1572 38 31 59
2615 1583 58 21 ans
2686 1578 27 27 el
2728 1579 123 33 eomple
2864 1574 38 30 52
2919 1574 337 32 condamnations.Par

2511 1620 46 24 ses
2575 1617 145 34 réponses
2735 1612 89 32 faites
2839 1623 74 22 aveo
2926 1616 70 35 plus
3007 1624 39 20 ou
3064 1615 99 31 moins
3180 1616 63 31 d'es

2512 1652 70 38 prit,
2600 1652 22 30 il
2636 1652 57 31 fait
2707 1654 59 31 rire
2796 1652 185 37 l'audiloira,
3013 1655 158 30 déclarant
3195 1664 58 27 que

2511 1693 72 31 o'esi
2598 1693 203 31 malheureux
2818 1693 107 31 d'aller
2941 1694 170 31 demander
3123 1694 117 39 l'hospi-

2512 1731 85 31 talité
2613 1740 38 20 au
2668 1731 116 30 bureau
2799 1734 38 28 de
2852 1733 100 37 police
2975 1742 77 27 pour
3065 1742 33 20 se
3112 1734 77 30 faire
3209 1743 33 19 ar

2512 1772 92 30 rèter.
2626 1770 81 31 C'esl
2722 1780 38 21 en
2776 1772 72 30 effet
2862 1775 41 33 là,
2920 1773 71 37 qu'à
3014 1774 32 27 la
3073 1774 71 30 date
3161 1774 40 28 du
3221 1774 38 30 19

2511 1811 169 30 novembre
2694 1811 132 34 dernier,
2846 1817 113 25 venant
2982 1813 169 30 demander
3165 1813 76 30 l'hos-

2513 1850 119 38 pitalité
2649 1858 76 28 pour
2738 1852 31 27 la
2784 1851 78 34 nuit,
2880 1860 40 20 on
2935 1851 152 38 s'aperçut
3098 1852 76 37 qu'il
3184 1853 73 30 était

2513 1898 72 21 sans
2602 1898 129 30 moyens
2746 1890 38 30 de
2799 1890 191 32 subslstenoe
3014 1897 30 25 el
3069 1899 56 31 par
3151 1894 92 30 oonsé

2513 1933 93 33 quant
2621 1928 175 39 vagabond.

2554 1968 93 37 Mais,
2666 1977 119 22 oomme
2807 1968 22 31 il
2857 1970 126 35 prétend
3009 1970 63 31 être
3094 1971 164 39 incapable

2513 2009 38 31 da
2567 2009 157 31 travailler
2739 2016 77 30 pour
2831 2010 104 28 raison
2962 2009 38 32 de
3027 2013 98 28 eanté.
3162 2021 39 21 on
3229 2013 28 31 la

2513 2049 64 31 fera
2593 2048 106 32 visiter
2714 2056 56 31 par
2783 2056 43 24 un
2843 2048 141 33 médeoin
3012 2053 27 27 el
3069 2049 131 33 l'affaire
3215 2059 28 25 re-

2516 2088 128 31 viendra
2657 2088 18 30 à
2699 2088 150 31 huitaine.

2594 2153 106 47 Cour
2739 2154 164 59 d'App»!
2941 2158 47 45 de
3024 2157 149 47 Rtnnes

2681 2250 144 21 AUDIENCE
2841 2251 35 20 DU
2893 2243 35 28 20
2941 2251 163 21 NOVEMBRE

2558 2284 51 32 Un
2623 2296 158 27 voyageur
2796 2293 54 33 qui
2867 2297 133 31 manque
3021 2300 58 20 tan
3105 2290 97 31 train.

2517 2324 44 31 Le
2585 2326 38 30 23
2650 2328 70 35 juin
2747 2329 133 33 dernier,
2900 2328 45 30 M.
2976 2329 183 35 Docloteau,
3176 2339 64 22 mar-

2517 2367 103 28 chand
2635 2367 156 31 d'ariioles
2804 2367 194 39 d'éclairage,
3018 2378 31 24 se
3064 2374 145 26 trouvant
3223 2378 38 22 en

2517 2413 118 30 voyage
2649 2407 19 27 à
2683 2406 203 35 Saint-Malo,
2901 2409 130 28 arrivai
3046 2411 30 28 la
3090 2418 73 28 gare
3176 2411 71 35 quel

2517 2453 74 30 ques
2608 2445 133 32 minutes
2769 2451 93 26 avant
2894 2446 116 32 l'heure
3035 2447 41 31 du
3103 2448 106 38 départ
3226 2448 37 31 de

2517 2492 56 22 son
2585 2485 81 31 train
2676 2490 30 26 el
2721 2485 87 31 muni
2823 2486 37 30 de
2875 2494 56 22 ion
2947 2486 94 32 billet.
3061 2489 185 30 M&lbureu

2518 2530 117 25 sement
2665 2525 20 30 il
2714 2525 84 31 avait
2826 2526 53 31 des
2908 2526 142 38 bagages,
3067 2533 28 25 et
3124 2530 44 28 les
3196 2537 45 21 em-

2518 2565 105 37 ployés
2637 2565 38 30 da
2688 2565 31 28 la
2733 2574 72 30 gare
2820 2570 94 33 ayant
2931 2567 102 31 refusé
3046 2568 39 31 de
3112 2569 45 28 les
3176 2577 69 22 enre-

2517 2603 119 38 gistrer,
2652 2603 43 31 M.
2715 2604 174 31 Ducloteau
2903 2615 137 28 manqua
3054 2608 30 30 le
3099 2608 90 31 train.

2557 2642 120 33 Notons
2693 2644 40 30 ici
2748 2653 60 28 que
2824 2647 44 28 les
2883 2648 158 35 employés
3065 2647 39 31 de
3128 2649 31 27 la
3189 2655 73 30 gare

2518 2682 38 31 de
2590 2682 90 32 Saint
2696 2683 86 31 Malo
2817 2685 113 31 étaient
2968 2686 78 31 dans
3083 2688 65 30 leur
3183 2688 79 30 droit

2518 2721 94 37 strict,
2629 2724 44 30 les
2700 2726 185 35 règlements
2910 2726 53 31 des
2999 2725 210 39 Compagnies
3223 2727 38 31 de

2518 2763 123 30 ohemin
2657 2764 37 30 de
2709 2764 45 31 fer
2770 2764 139 31 donnant
2923 2773 123 24 comme
3076 2766 120 31 dernier
3210 2766 33 31 dé-

2517 2802 53 35 lai,
2589 2809 93 25 avant
2698 2805 28 28 le
2739 2804 107 38 départ
2862 2804 74 31 d'an
2952 2805 91 35 train,
3067 2805 51 31 dir
3156 2806 85 31 minu-

2518 2845 41 27 tes
2589 2851 79 28 pour
2695 2844 276 37 l'enregistrement
3000 2845 91 32 d'une
3115 2846 94 31 malle
3234 2851 27 26 el

2518 2883 71 37 cinq
2607 2883 132 31 minutes
2758 2891 76 25 pour
2849 2883 28 30 la
2893 2884 177 32 délivrance
3085 2885 73 31 d'nn
3172 2885 89 32 billet

2517 2922 38 31 de
2570 2929 168 31 voyageur.
2757 2922 38 31 Et
2810 2923 73 31 c'est
2908 2933 85 21 assez
3008 2934 81 28 sage,
3109 2934 64 26 oar,
3189 2926 72 30 c'est

2517 2961 79 31 dans
2611 2965 30 27 la
2657 2962 217 39 précipitation
2900 2963 41 31 du
2963 2965 122 31 dernier
3111 2969 148 31 mcment,

2518 3001 91 39 qu'on
2640 3007 132 26 commet
2800 3004 53 30 des
2877 3012 120 22 erreurs
3033 3006 35 30 de
3098 3006 161 34 direction,

2520 3041 56 38 qui
2591 3043 104 30 valent
2709 3046 17 26 à
2739 3044 33 28 la
2786 3041 204 40 Compagnie,
3008 3044 38 31 de
3059 3046 31 28 la
3116 3050 67 33 part
3208 3046 53 31 des

2518 3090 181 30 voyageurs,
2717 3083 53 30 des
2785 3084 222 30 réclamation*
3022 3092 32 22 se
3085 3085 176 31 traduisant

2518 3129 56 28 par
2588 3122 83 30 foroe
2687 3123 180 37 dommagei
2883 3128 28 25 et
2926 3124 135 30 intérêts.
3076 3124 78 30 D'où
3170 3125 71 30 beau-

2518 3169 80 30 coup
2615 3162 143 30 d'ennuis
2774 3170 77 30 pour
2877 3163 45 30 les
2948 3164 158 37 employés
3136 3171 106 30 respon-

2518 3200 100 31 sables
2641 3202 53 35 qui
2711 3209 120 22 oomme
2844 3209 39 24 on
2897 3202 63 30 voit
2974 3207 52 26 ont
3040 3203 83 31 leurs
3142 3203 119 32 raisons

2518 3249 77 28 pour
2615 3249 39 21 ne
2668 3249 53 30 pas
2738 3241 63 31 6ire
2816 3248 67 31 trop
2898 3243 234 37 complaisants.

2558 3280 80 34 Quoi
2661 3281 76 37 qu'il
2760 3289 39 21 en
2837 3281 70 35 soit,
2943 3282 45 28 M.
3008 3281 171 32 Ducloteau
3196 3288 65 26 crat

2517 3320 91 37 qu'un
2622 3328 19 30 y
2657 3321 118 30 mettait
2794 3320 37 31 de
2848 3321 30 30 la
2908 3324 162 28 mauvaise
3096 3324 123 30 volonté
3233 3327 28 26 et

2517 3369 37 21 an
2576 3364 128 31 sortant,
2721 3360 22 31 il
2759 3370 39 22 ne
2810 3365 53 34 put
2889 3360 189 39 s'empêoher
3105 3363 38 30 de
3157 3363 78 31 criar
3253 3372 8 21 :

2516 3405 20 21 «
2552 3399 79 31 Faut
2647 3400 21 30 il
2700 3400 63 31 être
2783 3409 56 22 v...
2876 3410 77 28 pour
2987 3402 208 38 m'empôcher
3224 3403 38 31 de

2518 3439 130 37 prendre
2665 3441 26 30 <e
2704 3439 81 31 train
2800 3449 122 21 oomme
2949 3443 67 28 oela
3030 3443 6 27 I
3056 3450 17 19 »
3105 3442 58 30 Les
3196 3450 43 22 em-

2518 3477 104 39 ployés
2636 3478 38 31 de
2691 3481 30 28 la
2733 3489 73 28 gare
2833 3478 217 33 l'entendirent
3059 3485 30 27 el
3105 3483 156 37 porièranl

2517 3519 128 37 plainte.
2673 3519 38 31 Et
2746 3520 45 30 M.
2811 3521 170 28 Docloteau
3001 3522 45 28 fui
3074 3522 184 35 aondamné,

2518 3567 74 28 pour
2609 3567 33 22 as
2656 3559 66 35 fait,
2740 3561 18 27 à
2791 3559 39 30 24
2865 3560 109 31 heures
3009 3561 230 38 d'emprisonne

2517 3601 84 26 meut
2619 3607 54 28 par
2689 3601 27 27 le
2738 3598 136 32 tribunal
2901 3600 222 32 oorreotionnel
3159 3601 38 31 de
3211 3601 50 31 51-

2518 3637 97 31 Malo.

2555 3677 104 39 Ayant
2674 3680 84 35 parlé
2781 3680 90 37 appal
2908 3679 38 31 de
2980 3687 33 22 ca
3047 3680 156 37 jugement
3239 3681 21 30 il

2516 3718 236 38 oomparaissail
2767 3718 66 31 hier
2850 3718 111 31 devant
2970 3719 30 30 la
3015 3718 84 32 Cour
3115 3718 143 40 d'Appel,

2516 3758 18 28 à
2548 3758 54 37 qui
2620 3757 21 30 il
2657 3765 18 21 a
2689 3757 57 31 fait
2760 3758 99 30 valoir
2876 3765 46 24 sas
2952 3759 130 34 raisons,
3099 3768 86 21 assez
3197 3762 48 34 jas

2517 3801 41 26 tes
2574 3806 77 30 pour
2667 3798 30 28 la
2712 3797 135 38 plupart.
2864 3797 26 31 Il
2914 3797 53 39 n'y
2982 3808 18 20 a
3015 3800 65 30 rien
3097 3798 164 38 d'agaçant

2516 3844 120 22 comme
2653 3836 37 32 de
2705 3846 151 28 manquer
2867 3840 28 28 la
2909 3839 78 30 train
3000 3842 28 26 el
3039 3847 40 21 on
3092 3840 169 37 comprend

2516 3878 92 37 qu'ou
2622 3885 38 22 en
2674 3876 43 31 ail
2730 3876 37 31 de
2779 3885 8 21 i
2803 3880 143 27 humear.

2555 3914 99 39 Après
2670 3925 59 21 une
2756 3918 115 34 longue
2900 3917 214 37 délibération,
3132 3919 31 30 la
3178 3918 83 32 Cour

2517 3965 60 20 met
2593 3958 9 27 1
2615 3956 109 32 affaire
2746 3965 39 21 ea
2811 3956 144 31 délibéré.
2975 3957 118 32 L'arrêt
3128 3966 38 24 ne
3196 3967 65 22 sera

2516 3996 98 32 rendu
2630 4005 59 30 que
2707 3997 150 30 meroredi
2874 3997 161 35 prochain.

2698 4077 390 48 ÉTAT-CIVIL

2804 4174 178 21 NAISSANCES

2549 4201 45 28 21.
2662 4202 92 34 Roger
2770 4202 182 28 Hanri-Jeao
2967 4202 110 28 Jamois
3094 4211 48 20 rua
3174 4204 71 27 Toul-

2516 4238 70 32 lier;
2602 4237 79 30 Julei
2700 4237 190 35 Aoga-Mar'e
2916 4238 123 28 Jousud
3071 4238 85 28 Hôtel
3170 4238 91 34 Di?n;

2517 4273 230 34 Beoé-Fraaçois
2764 4273 87 27 Aimé
2877 4273 136 28 Radoabé
3040 4283 51 19 rue
3124 4274 119 34 d'Argen-

2515 4309 53 32 tré;
2582 4309 361 28 F»rn»nd-Arthur-Cé»ar
2959 4309 151 28 Delaoroix
3124 4309 139 35 faubourg

2516 4345 34 26 de
2568 4343 91 30 Parii.

2858 4380 89 27 DÉCÈS

2549 4413 46 28 SI.
2659 4413 104 34 Joseph
2791 4413 130 28 Blandln
2956 4414 150 27 laboureur
3136 4417 66 25 veuf
3230 4415 33 28 68

2516 4457 53 20 an*
2587 4449 41 32 I|2
2657 4449 139 34 faubourg
2826 4449 33 27 de
2889 4448 84 30 Pari*
2986 4456 7 24 ;
3024 4449 86 28 Louis
3126 4450 136 34 François

2517 4485 132 27 Lerilaio
2665 4485 159 34 journalier
2841 4493 61 18 mar
2916 4486 14 26 é
2947 4485 33 26 74
2994 4493 52 18 aui
3074 4486 141 35 faubourg
3229 4489 34 24 de

2517 4519 100 33 Paris;
2646 4519 328 30 Laurent-Jean-Marie
3001 4519 102 30 Jarnot
3138 4524 109 25 oondao

2516 4558 63 25 leur
2594 4563 34 20 au
2644 4557 117 26 ebemin
2829 4556 40 27 fer
2893 4556 91 27 marié
3006 4554 34 27 52
3069 4564 52 19 ans
3150 4564 51 20 rue
3215 4558 47 26 des

2515 4590 136 32 Ateliers;
2663 4590 116 28 Marthe
2792 4589 123 30 Garaier
2934 4589 32 28 18
2980 4591 78 34 jeors
3076 4591 86 28 Hôtel
3176 4591 84 31 Dieu,

2517 4625 333 28 Marcel-Pierre-Marie
2877 4626 176 27 Riohomme
3067 4626 17 27 4
3110 4628 72 27 moi*
3217 4626 46 34 I|2

2516 4661 191 26 Hôtel-Dieu.

2621 4749 28 30 A
2680 4749 94 31 NOS
2806 4748 351 33 DEPOSITAIRES

2557 4818 104 33 Nous
2680 4817 122 44 prions
2819 4817 226 35 instamment
3065 4819 98 35 MM.
3201 4831 60 24 nos

2516 4861 242 44 dépositaires,
2779 4861 45 34 de
2842 4871 43 25 ne
2900 4872 67 34 pas
2982 4863 116 46 régler
3117 4864 35 34 la
3168 4870 96 30 vente

2515 4905 44 35 de
2608 4916 63 24 nos
2726 4905 292 35 hebdomadaires
3056 4909 110 40 (Echo
3221 4912 43 33 de

3298 190 11 31 l
3321 187 122 39 Ouest,
3465 187 129 33 Dolois.
3617 184 235 45 Montfortais)
3883 185 138 44 conjoin-

3300 234 124 30 tement
3443 237 84 25 avec
3546 228 280 34 /'Ouest-Eclair.
3849 229 96 34 Cette
3963 241 60 24 con-

3300 274 118 33 fusion
3445 272 196 44 complique
3665 280 100 26 notre
3796 273 241 45 comptabilité.

3300 318 65 33 Le»
3398 317 222 34 bordereaux
3654 317 61 34 des
3752 315 291 37 hebdomadaires

3300 366 78 31 sont
3392 360 149 46 envoyés
3561 360 133 46 chaque
3707 360 185 41 trimestre,
3912 365 21 31 à
3944 369 94 39 part.

3307 474 292 93 Chronique
3608 474 436 93 départementale

3334 634 129 44 UNE
3514 635 171 45 MORT
3733 632 283 53 ÉTRANGE

3304 723 30 27 A.
3357 724 161 27 Hessae,
3548 738 28 6 -
3601 725 123 26 BrAlé
3750 726 60 27 vif
3835 728 39 27 et
3901 735 72 27 par
4002 736 45 22 sa

3389 758 104 34 pipe.
3560 761 195 33 Toujours
3774 762 185 30 l'lvresse.

3344 836 43 32 Le
3413 836 37 32 18
3477 840 168 30 novembre
3672 841 132 35 dernier,
3831 843 45 30 M.
3906 843 138 38 Paupon,

3305 878 184 31 oultivaieur
3511 880 18 28 à
3550 880 31 28 la
3606 879 181 37 Rennelais,
3802 889 39 22 en
3867 882 131 39 Gaipry,
4017 893 31 21 se

3306 921 143 26 trouvant
3476 926 78 27 pour
3568 919 124 31 affaires
3720 928 40 21 au
3789 921 74 37 petit
3892 922 96 38 bourg
4011 924 38 30 de

3307 956 86 31 Saint
3412 956 98 38 Marc,
3529 959 67 37 pièi
3614 958 131 35 Messao,
3764 960 128 31 rentrait
3914 964 74 30 chez
4004 963 45 30 lai

3306 1005 37 21 en
3357 1002 118 26 voiture
3501 998 136 38 lorsqu'à
3665 1007 40 22 un
3735 999 162 33 kilomètre
3920 1002 129 31 environ

3307 1036 40 30 du
3373 1035 109 37 bourg,
3500 1037 22 30 il
3543 1042 136 34 aperçai,
3698 1039 113 31 étendu
3827 1042 18 28 à
3861 1045 85 31 terre,
3965 1043 71 35 quel

3307 1083 59 28 qoe
3380 1076 92 30 ohose
3496 1077 38 31 de
3556 1078 145 32 noirâtre,
3718 1084 94 32 ayant
3835 1081 30 30 la
3881 1081 97 31 forme
3993 1082 38 28 hu-

3307 1114 115 35 maine,
3438 1116 110 37 auprès
3565 1116 93 33 d'une
3672 1117 156 32 charretéa
3842 1120 38 30 de
3894 1119 65 32 foin
3974 1123 61 28 atte-

3308 1154 44 28 lée
3366 1154 73 28 d'un
3456 1156 109 28 cheval
3581 1157 52 37 qui
3651 1166 31 21 se
3697 1157 94 31 tenail
3807 1159 171 31 immobile.

3346 1192 139 32 Aussitôt
3501 1194 44 30 M.
3566 1195 130 39 Paupon
3711 1196 157 31 descendit
3883 1199 37 30 de
3933 1199 118 31 voilure

3307 1235 30 25 al
3351 1237 139 26 constata
3508 1235 81 28 alors
3613 1244 60 30 que
3700 1240 76 27 celle
3803 1246 104 22 masse
3920 1239 73 30 élait
4009 1247 43 21 un

3308 1271 63 30 être
3386 1273 130 30 humain
3542 1276 64 35 qui,
3625 1279 17 25 à
3657 1284 59 28 peu
3731 1277 70 35 près
3815 1279 237 34 complètement

3309 1311 170 35 carbonisé,
3506 1320 39 22 ne
3572 1313 129 31 donnait
3723 1318 236 28 naturellement
3983 1319 69 34 plus

3309 1350 87 37 signe
3422 1355 37 25 du
3475 1351 59 31 vie.
3552 1352 78 31 Sous
3651 1355 27 30 le
3704 1363 79 27 coup
3802 1355 92 31 d'nne
3918 1358 135 28 émotion

3309 1397 59 31 que
3384 1389 61 31 l'on
3461 1393 178 37 oomprend,
3658 1394 21 30 il
3705 1396 63 27 alla
3791 1395 142 35 prévenir
3948 1395 31 30 la
3993 1395 45 31 bri

3309 1429 78 39 gade
3413 1429 38 31 de
3478 1431 215 37 gendarmerie
3717 1434 38 30 de
3781 1433 132 37 Messao,
3930 1441 30 24 et
3973 1437 80 28 deux

3309 1469 184 38 gendarmes
3509 1470 37 31 de
3559 1476 76 26 cette
3651 1472 125 38 brigade
3797 1482 32 22 se
3844 1474 157 32 rendirent
4017 1482 37 24 en

3312 1514 81 25 toute
3409 1508 73 32 bâte
3496 1509 18 31 à
3528 1511 143 31 l'endroit
3685 1512 137 38 Indiqué.

3352 1547 123 32 Etendu
3489 1559 52 20 sur
3555 1552 28 28 le
3600 1556 113 31 ventre,
3744 1552 28 31 le
3801 1556 89 33 morl,
3919 1553 115 31 entière

3313 1592 83 26 ment
3412 1597 52 25 nu,
3483 1590 83 30 avait
3589 1599 48 20 ses
3663 1590 71 31 brai
3750 1592 110 37 repliés
3887 1600 71 22 sous
3980 1593 44 30 lui
4042 1602 8 21 :

3312 1636 39 21 au
3365 1628 67 31 cô:é
3444 1628 90 34 droit,
3552 1630 18 28 à
3591 1630 144 31 l'endroit
3757 1631 39 30 où
3823 1641 32 21 se
3883 1637 107 26 trouve
4005 1642 32 20 or-

3313 1667 204 31 dinairement
3534 1677 60 22 une
3608 1670 52 30 des
3678 1670 112 38 poches
3822 1671 44 28 du
3894 1672 158 35 pantalon,

3313 1716 39 20 on
3373 1711 189 33 remarquait
3576 1717 59 21 une
3651 1716 143 25 monlo-e
3817 1710 38 30 de
3878 1716 159 32 portemon

3313 1746 79 34 naie,
3409 1750 28 26 al
3452 1746 20 30 0
3488 1748 34 27 fr.
3536 1747 38 30 35
3588 1756 38 21 en
3641 1749 96 30 billon
3751 1747 90 41 ;|puis
3855 1759 43 22 un
3911 1756 141 30 oouteau,

3313 1791 27 25 et
3358 1794 60 21 uae
3433 1786 72 38 pipe
3522 1787 18 27 à
3555 1788 104 30 moitié
3674 1788 138 31 bourree.

3352 1824 51 31 Ou
3418 1826 132 30 cnercha
3578 1827 175 39 longtemps
3781 1830 17 28 à
3826 1828 187 38 s'expliquer
4028 1830 31 31 la

3313 1873 93 21 caute
3419 1865 38 30 da
3471 1871 77 25 oelte
3563 1873 79 22 mori
3654 1869 128 37 étrange
3796 1872 39 31 el,
3861 1871 39 27 de
3914 1869 90 30 l'avis
4019 1870 38 30 de

3314 1906 78 32 tous,
3417 1904 20 30 il
3455 1904 53 39 n'y
3522 1910 50 26 eut
3607 1915 54 30 pas
3689 1907 135 31 d'autres
3853 1909 204 37 explioalioas

3314 1951 58 31 que
3391 1944 31 31 la
3437 1945 144 32 suivante
3594 1954 8 22 :
3620 1945 43 32 Le
3677 1951 89 31 mort,
3793 1946 53 38 qui
3874 1948 46 30 fut
3934 1956 110 31 promp

3315 1990 113 25 tement
3442 1993 135 22 reconnu
3594 1994 76 30 pour
3683 1987 61 30 ô're
3762 1996 41 20 nn
3831 1993 125 25 nommé
3972 1987 87 31 Clair

3317 2023 129 35 Hatlier,
3472 2023 56 39 âgé
3543 2024 38 31 de
3607 2024 39 31 53
3660 2035 67 26 ans,
3763 2026 194 39 domeitique
3983 2029 74 27 chez

3317 2062 44 30 M.
3377 2062 154 39 Geoffroy,
3549 2066 18 28 à
3582 2062 217 40 Couqaatautl,
3820 2068 83 28 avait
3926 2068 32 28 la
3985 2069 61 28 mal

3315 2102 149 32 heureuse
3476 2104 148 31 habitude
3635 2106 37 28 de
3687 2105 161 31 s'enivrer.

3356 2140 53 37 Or,
3426 2148 93 31 ayant
3535 2146 46 27 616
3609 2147 119 34 envoyé
3744 2145 150 31 conduire
3908 2146 41 30 da
3966 2146 64 31 foin
4044 2146 18 30 i

3318 2180 87 32 Saint
3424 2181 98 37 Maro,
3542 2183 22 30 il
3581 2192 18 20 a
3620 2184 43 30 dû
3691 2184 181 34 s'ennivrer,
3900 2190 27 25 et
3943 2193 119 22 comme

3317 2220 21 31 il
3353 2222 111 30 fumait
3494 2222 169 38 beaucoup,
3687 2224 24 28 il
3737 2231 69 22 «era
3835 2225 102 30 tombé
3965 2225 38 30 da
4030 2235 33 20 ia

3318 2259 118 31 voilure
3468 2270 52 20 mr
3546 2271 34 19 sa
3607 2263 70 38 pipg
3704 2264 135 30 allumée
3868 2272 71 22 lam
3965 2265 94 34 avoir,

3317 2301 120 30 élourdi
3454 2309 54 28 par
3521 2303 28 27 le
3562 2302 86 33 choc,
3666 2303 32 28 la
3711 2303 85 30 foroe
3824 2303 38 31 de
3891 2311 32 22 se
3935 2304 125 31 relsver.

3319 2340 45 30 La
3378 2340 73 37 pipe
3467 2342 224 35 oommuniqua
3705 2342 28 30 le
3749 2342 51 30 feu
3815 2350 60 21 aax
3889 2342 170 32 vêtements

3318 2382 69 26 usés
3418 2385 28 24 et
3481 2388 64 21 see*
3574 2381 52 37 qui
3657 2381 116 37 prirent
3801 2381 51 31 fea
3880 2391 120 22 comme
4026 2383 37 31 de

3319 2419 155 30 l'amadou
3495 2425 27 25 et
3546 2427 31 22 se
3592 2421 217 28 consumèrent
3827 2430 58 27 peu
3900 2422 18 27 à
3934 2431 57 28 peu
4009 2432 51 20 sur

3319 2457 27 31 le
3361 2466 89 30 corps
3467 2459 41 30 du
3524 2459 204 32 malheureux
3750 2459 54 39 qui
3820 2460 46 31 fut
3881 2461 79 31 ainsi
3977 2461 86 31 brûlé

3318 2498 44 28 vif
3377 2503 27 25 et
3425 2507 19 19 a
3461 2498 73 37 petit
3548 2499 61 30 feu.

3358 2538 185 38 Transporté
3570 2542 74 27 chez
3673 2548 56 21 son
3758 2543 123 34 patron,
3924 2541 21 30 il
3972 2549 19 21 a
4018 2543 45 28 été

3319 2577 129 31 inhumé
3463 2577 65 31 hier
3544 2580 97 30 matin
3658 2580 18 28 à
3691 2578 67 31 huit
3775 2581 120 28 heures.
3927 2580 44 31 Le
3985 2583 64 27 mal

3319 2617 136 31 heureux
3469 2617 193 38 domestique
3676 2619 73 31 était
3763 2620 98 30 marié
3887 2622 28 28 et
3943 2622 70 35 père
4028 2622 35 30 de

3319 2656 66 31 huit
3400 2661 135 26 entants.

3830 2722 195 41 Fougères

3357 2760 53 32 Le
3419 2761 86 38 prix
3521 2761 51 30 da
3593 2763 103 38 pain.
3772 2765 89 28 Voici
3887 2766 27 31 le
3931 2765 69 38 prix
4023 2766 40 30 du

3318 2804 73 34 pain
3407 2805 17 26 k
3441 2803 167 38 Fougères,
3626 2804 18 27 i
3659 2805 98 32 partir
3781 2805 41 28 du
3849 2804 38 31 20
3912 2812 129 22 caarant
4057 2815 7 21 :

3318 2843 17 28 1
3350 2848 12 15 *
3377 2844 117 37 qualité
3509 2852 39 20 ou
3565 2844 74 37 pain
3653 2842 45 31 fln
3715 2844 37 30 de
3767 2844 18 28 3
3800 2844 92 34 kilas,
3918 2844 20 28 0
3952 2844 26 31 fr
4005 2844 40 32 90
4057 2856 6 24 ;

3318 2882 73 30 d'un
3406 2882 64 31 kilo
3485 2888 30 25 el
3529 2883 113 33 demie,
3659 2882 20 28 0
3693 2883 38 30 fr.
3748 2883 39 28 45
3801 2894 7 24 ;
3824 2883 74 31 d'un
3913 2883 78 35 kilo,
4003 2883 21 31 0
4037 2887 27 28 fr

3317 2921 39 31 30
3366 2931 7 25 ;
3391 2923 72 28 d'un
3480 2922 81 31 demi
3579 2922 66 28 kilo
3659 2922 19 28 0
3692 2922 39 30 fr.
3749 2923 37 28 15
3800 2934 61 24 ;
3889 2923 31 28 2»
3950 2926 116 37 qualité

3318 2970 38 21 ou
3372 2962 72 35 pain
3461 2962 91 30 blanc
3567 2962 38 31 da
3619 2961 18 31 3
3652 2961 92 35 kilos,
3758 2962 20 31 0
3793 2962 35 31 fr.
3846 2962 48 34 80,
3913 2962 73 32 d'an
4003 2963 64 31 kilo

3318 3001 50 33 1£
3394 3001 19 31 0
3428 3001 40 31 fr.
3483 3001 38 30 40
3533 3012 6 26 ;
3556 3001 74 30 d'un
3647 3002 77 33 kilo,
3739 3001 19 32 0
3772 3005 38 28 fr.
3828 3002 58 30 366
3899 3013 6 25 ;
3924 3004 73 30 d'an
4012 3005 38 28 de

3319 3041 40 31 mi
3377 3040 73 37 kilo,
3464 3040 19 32 0
3498 3041 37 30 fr.
3554 3040 57 30 133
3622 3051 6 25 ;
3698 3043 17 28 3
3742 3043 118 38 qualité
3873 3052 40 20 ou
3939 3043 74 32 cain
4029 3044 38 30 de

3319 3083 130 34 ménage
3463 3081 38 31 de
3523 3079 19 31 6
3557 3080 93 35 kilos,
3685 3080 18 30 1
3725 3081 38 31 fr.
3787 3081 38 31 40
3840 3092 6 25 ;
3874 3083 38 30 de
3934 3083 18 30 3
3973 3083 90 37 kilos,

3317 3120 19 28 0
3350 3120 38 31 fr.
3404 3119 39 32 70
3457 3131 6 25 ;
3482 3120 72 28 d'un
3569 3120 66 30 kilo
3651 3124 28 27 et
3693 3122 112 35 demie,
3821 3120 20 31 0
3852 3122 39 30 fr.
3907 3122 41 30 35
3964 3132 7 25 ;
3987 3124 74 30 d'un

3317 3159 74 34 kilo,
3410 3159 19 31 0
3444 3161 37 30 fr.
3498 3158 70 32 233.

3921 3200 107 30 Vitré

3358 3237 54 31 LA
3430 3239 157 30 SAINTE
3604 3240 172 31 CECILE.
3855 3239 28 31 A
3898 3241 165 32 l'occasion

3318 3279 37 28 de
3381 3280 31 28 la
3443 3279 105 31 Sain;a
3578 3280 113 34 Cécile,
3732 3280 188 31 l'inrmoaie
3957 3281 96 31 Notre

3319 3318 99 31 Dame
3431 3327 32 21 se
3478 3320 63 28 fera
3556 3320 146 30 entendra
3731 3320 18 28 à
3764 3320 106 30 l'issue
3886 3320 53 30 des
3956 3320 107 38 vêpres

3318 3366 51 21 sur
3385 3357 30 31 la
3430 3359 86 37 place
3540 3359 97 31 Notre
3654 3359 98 32 Damo
3780 3364 30 27 el
3836 3361 162 30 exécutera
4022 3361 43 31 les

3318 3405 165 24 morceaux
3507 3399 139 31 suivants
3664 3409 8 20 :

3353 3458 69 27 Kux
3437 3467 97 19 armes
3536 3478 8 12 ,
3562 3459 125 32 marehe,
3710 3458 71 28 Bosa
3796 3468 9 24 ;
3829 3458 69 28 Pax
3913 3462 26 26 et
3954 3458 110 34 Laber,

3317 3498 159 28 ouverlore,
3506 3494 35 28 G.
3576 3494 90 28 Parô«
3683 3502 7 24 ;
3724 3495 155 27 fantaisie
3907 3496 157 34 originale,

3318 3529 146 27 Sellenick
3496 3536 6 26 ;
3530 3529 57 28 Les
3612 3529 197 34 Framboises,
3840 3531 106 32 grands
3973 3531 86 32 valse,

3317 3565 27 30 J.
3360 3563 100 28 Kldin.

3887 3600 131 31 Rrdon

3359 3640 148 31 CHUTE
3524 3640 250 31 MORTELLE.
3862 3640 45 31 M.
3934 3641 116 38 Joseph

3319 3679 99 31 Marie
3436 3679 112 35 Evain,
3566 3681 189 30 cultivateur
3770 3683 17 27 à
3814 3680 138 38 Tabago,
3984 3691 66 21 com

3318 3728 93 22 mune
3426 3719 37 32 de
3480 3718 89 32 Saint
3587 3720 129 30 Nicolas
3733 3720 38 31 t'e
3788 3720 120 34 Redon,
3927 3720 52 38 qui
3992 3723 73 28 était

3317 3761 61 28 allé
3392 3759 78 30 dans
3488 3769 54 21 son
3557 3761 120 35 grenier
3696 3759 148 31 ohercher
3860 3759 37 31 de
3912 3759 27 30 la
3966 3761 98 37 paille

3318 3807 77 28 pour
3411 3801 122 34 soigner
3548 3808 47 21 ses
3612 3800 125 33 vaohes,
3769 3804 46 25 est
3843 3800 103 30 tombé
3974 3801 91 31 d'une

3318 3839 130 30 h&uttur
3462 3837 37 31 de
3513 3837 18 30 5
3547 3848 41 20 m.
3606 3836 39 32 50
3660 3848 52 20 sur
3726 3840 27 28 le
3769 3840 59 28 sol.

3358 3876 48 32 Ou
3422 3887 133 27 suppose
3572 3887 67 28 que,
3659 3880 130 27 voulant
3813 3879 74 35 jeter
3902 3887 61 22 une
3985 3879 81 31 botte

3318 3918 38 31 de
3372 3918 93 38 pailla
3482 3926 54 30 par
3561 3920 31 26 la
3605 3918 117 31 fenêtre
3744 3919 43 27 da
3802 3919 131 35 grenier,
3965 3918 100 32 Evain

3318 3966 76 21 «ara
3411 3958 94 38 perdu
3522 3957 182 39 l'équilibre,
3723 3966 34 22 ce
3769 3959 53 37 qui
3849 3966 19 21 a
3896 3958 169 32 déterminé

3320 4006 32 21 sa
3370 3998 102 31 chute-

3359 4038 100 30 Evain
3475 4038 46 28 fut
3535 4038 99 31 relevé
3664 4045 73 22 sans
3765 4038 248 31 connaissance:
4044 4038 20 31 il

3318 4080 84 28 avait
3418 4080 27 28 le
3459 4077 93 31 crâne
3568 4077 135 30 fracturé
3718 4081 28 27 et
3762 4077 31 30 la
3808 4077 131 31 colonne
3966 4080 83 30 verté-

3319 4117 85 31 brale
3416 4116 111 31 brisée.
3544 4116 44 31 Le
3617 4116 210 31 malheureux
3854 4123 19 21 a
3902 4117 164 31 succombé

3318 4157 148 37 quelques
3483 4156 110 32 heures
3620 4156 99 38 après,
3750 4156 52 30 des
3833 4156 93 31 saites
3954 4156 37 32 de
4017 4166 46 22 ses

3320 4201 162 24 blessures.

3417 4294 120 37 LA
3600 4281 372 50 RÉGION

3324 4362 254 85 Malouine
3639 4387 51 59 et
3754 4362 309 85 Dinannaise

3352 4511 162 27 HaréM.
3542 4511 90 28 —Du
3646 4511 136 28 vendredi
3804 4511 34 27 22
3854 4512 164 27 novembre.

3319 4545 116 30 Pleines
3478 4554 72 19 mers
3567 4554 7 18 :
3593 4547 91 27 matin
3703 4554 7 20 :
3737 4546 9 27 1
3765 4548 86 26 hmra
3866 4546 34 27 54
3914 4554 8 25 ;
3945 4547 120 28 hauteur

3317 4580 17 28 •
3356 4589 27 20 m
3410 4580 44 34 90;
3475 4583 56 26 soir
3561 4581 18 27 2
3594 4583 32 27 h.
3645 4581 33 27 31
3694 4590 7 25 ;
3719 4583 120 27 hauteur
3853 4590 6 19 :
3875 4580 34 30 10
3925 4590 40 19 m.
3985 4581 80 27 35

3319 4617 100 27 Basm
3438 4625 71 20 mers
3527 4626 6 18 :
3550 4618 93 27 matin
3659 4616 17 28 8
3691 4619 27 26 h.
3732 4617 48 31 51;
3793 4618 120 27 hauteur
3926 4626 6 18 :
3945 4616 18 27 3
3978 4617 86 32 m.43;

3318 4652 57 27 loir
3391 4661 6 18 :
3413 4651 17 27 9
3445 4654 32 26 h.
3496 4652 34 26 30
3547 4661 7 22 ;
3574 4654 122 27 hauteur
3711 4661 6 19 :
3733 4651 18 28 2
3769 4661 41 20 m.
3829 4652 32 26 74

3352 4687 78 26 Bao
3445 4687 50 26 fie
3509 4688 161 27 Dtuard.
3733 4688 193 32 Aujourd'hui
3956 4687 34 26 22
4016 4695 32 20 no-

3318 4723 117 26 vembre
3451 4731 7 18 :
3476 4723 32 26 de
3522 4723 18 26 7
3556 4724 28 26 h.
3598 4722 34 27 30
3645 4726 14 26 k
3674 4722 32 28 10
3724 4733 28 19 o.
3768 4722 34 27 30
3826 4731 57 19 aux
3898 4723 85 34 Beys.
3999 4723 17 26 0
4031 4723 31 26 h.

3317 4756 43 27 00.
3376 4757 126 27 douteux
3516 4765 7 26 ;
3541 4757 33 26 de
3589 4757 31 27 11
3639 4759 28 26 h.
3692 4759 33 26 30
3750 4759 18 27 fe
3788 4759 17 26 5
3828 4759 31 26 h.
3887 4759 44 32 30,
3958 4759 60 27 cal*
4032 4757 33 27 de

3319 4791 109 31 Dinan;
3443 4791 18 27 0
3477 4793 32 27 b.
3528 4791 35 28 00
3579 4792 137 30 douteux.

3738 4863 288 30 SAINT-MALO

3358 4915 52 28 Iv-
3423 4924 96 27 oqno
3534 4915 253 31 récalcitrant.
3867 4917 26 30 U
3906 4926 9 20 i
3932 4925 105 22 nomm

4101 204 148 37 Fracçoia
4265 206 124 35 Rjbxn,
4406 209 57 35 àgâ
4476 210 39 27 de
4539 208 38 28 47
4592 217 66 21 an*.
4674 204 175 39 originaire

4098 244 38 30 de
4163 243 159 33 C.ermont
4341 246 149 37 Ferrand,
4519 247 142 30 habitant
4695 247 133 30 actuelle-

4100 289 84 25 ment
4200 286 139 33 Paramé,
4358 288 110 28 entrait
4492 287 102 32 mardi
4623 287 126 30 dernier
4770 283 77 31 ohez

4100 321 86 33 Mcie
4221 325 125 35 Levitte,
4385 326 164 34 débitante,
4566 328 89 35 place
4688 324 141 32 Chateau-

4100 363 119 34 briand,
4237 369 38 31 et,
4296 366 117 38 malgré
4429 367 26 28 le
4481 370 133 35 complet
4639 370 59 27 état
4714 365 112 31 d'inw-

4101 412 31 21 ■e
4147 404 78 30 dana
4238 405 100 38 leqaet
4350 409 22 27 il
4389 413 31 21 ie
4437 407 139 32 trouvait,
4597 406 117 30 voulait
4727 410 120 25 encore

4102 452 8 12 s
4116 444 103 28 ef*irs
4234 449 94 25 lerrtr
4345 446 18 27 à
4378 445 93 30 boire.
4493 445 83 30 Unit
4593 445 118 31 Levitte
4727 445 47 37 s'y

4102 483 67 30 faia
4183 489 28 25 et
4226 488 107 26 voulut
4350 484 74 33 (aire
4443 485 91 30 sortir
4570 484 158 38 l'ivrogne.
4746 484 47 31 Ce
4809 489 41 24 ne

4102 523 44 28 fut
4161 531 52 30 pas
4228 523 93 32 ohose
4336 524 99 33 facllr,
4450 529 28 27 el
4494 526 22 30 il
4541 523 89 32 fallut
4659 524 170 32 l'interven-

4103 562 61 31 tion
4187 563 37 31 de
4238 565 30 31 la
4284 565 99 38 poltoe
4398 566 51 37 qui
4476 565 158 31 conduisit
4661 567 28 28 le
4704 560 145 43 poeha.td

4103 611 39 22 an
4157 602 115 32 violon.

4141 654 67 28 V«l
4235 654 46 31 ds
4309 654 46 30 H»
4365 664 56 31 ge.
4504 656 152 31 Mercredi
4675 656 72 34 «oir,
4774 663 69 24 ver»

4104 693 67 39 oioq
4189 696 118 33 h»Qtf«,
4326 696 85 31 Mme
4424 705 94 21 veuve
4535 696 155 38 Lîgrand,
4709 697 57 30 née
4782 693 50 32 Oli-

4104 744 35 21 ve
4152 736 105 34 Tassé,
4274 736 73 33 ânée
4362 738 37 28 de
4411 736 39 30 72
4465 745 18 20 a
4488 745 43 25 j»,
4553 738 235 27 Dlanchisseuse
4802 743 41 21 au

4104 777 115 28 service
4233 776 37 30 de
4284 775 86 31 Maae
4398 777 57 27 P-*r
4459 776 87 34 Jriol,
4578 776 185 30 demeurant
4794 781 54 24 rue

4104 814 132 35 Solidir,
4263 816 18 27 à
4307 815 89 30 Saint
4414 815 131 34 Servan,
4576 816 105 30 venait
4696 817 18 26 à
4742 814 92 30 Saint
4845 828 7 5 -

4106 854 85 30 Malo
4204 862 143 31 apporter
4359 856 43 27 du
4417 856 83 35 lioge
4515 856 78 30 dam
4609 863 61 22 une
4695 855 158 30 charrette

4104 899 18 25 a
4133 894 81 30 braF.
4231 894 128 31 Arrivée
4385 900 67 32 prêi
4483 895 35 30 de
4544 895 32 30 la
4603 895 128 31 Grande
4750 894 103 33 Porte,

4104 934 59 31 ele
4185 934 96 30 liina
4297 943 34 20 la
4345 934 151 32 charrette
4513 943 76 30 penr
4605 940 78 25 aller
4698 932 80 32 faire
4792 941 63 21 une

4106 973 159 31 livraison.

4147 1013 112 34 Qmnd
4271 1015 58 30 e'ie
4342 1013 109 31 revint,
4463 1023 43 22 nn
4517 1019 91 33 quart
4617 1015 130 31 d'heure
4757 1013 99 35 apré*,

4106 1054 57 31 ell*
4176 1058 137 25 omslata
4330 1052 92 39 qn'on
4437 1054 43 31 lui
4501 1054 83 31 avait
4600 1057 67 27 volé
4684 1062 46 22 la
4747 1057 113 33 paquet

4107 1093 37 31 de
4156 1091 38 31 35
4207 1101 39 21 ou
4261 1093 37 28 45
4313 1095 156 28 serviette*
4485 1094 38 28 de
4537 1095 81 28 table
4628 1100 30 24 et
4672 1095 37 28 de
4709 1091 4 33 1
4730 1093 129 32 toilette,

4110 1135 157 34 œarqaée*
4296 1139 18 22 a
4339 1131 111 32 l'encre
4470 1130 97 32 Hôtel
4591 1133 38 30 de
4818 1139 44 21 nn

4107 1172 73 30 faux
4198 1172 46 30 col
4266 1176 28 26 et
4312 1180 39 22 on
4371 1178 86 25 autre
4472 1175 74 34 petit
4561 1179 111 31 paquet
4688 1175 174 27 contenant

4108 1212 52 30 des
4175 1212 163 30 chemises.
4357 1211 45 31 L*
4426 1213 106 28 valeur
4553 1209 255 41 approximative
4824 1209 38 31 de

4109 1259 48 21 ee*
4174 1251 94 37 obj-ts
4284 1256 45 25 est
4343 1251 39 30 25
4397 1251 116 30 francs.

4149 1290 69 30 Une
4232 1291 129 35 enquête
4372 1293 45 27 est
4433 1294 132 27 ouverte.

4667 1326 149 33 DIXAJV

4150 1367 210 30 L'occident
4385 1367 46 31 de
4457 1368 200 39 bicyclette
4684 1370 46 27 de
4754 1369 89 28 l'AVa-

4111 1406 126 32 bleite.
4307 1408 45 30 La
4374 1410 202 35 perspicacité
4587 1409 53 31 des
4668 1410 194 37 gendarat«

4113 1449 35 27 de
4165 1448 104 30 D;nan
4284 1456 19 20 a
4317 1449 56 28 {ait
4388 1449 161 30 découvrir
4573 1449 129 30 l'auteur
4731 1449 39 30 de
4785 1449 70 28 l'a»

4111 1488 104 28 ctdeut
4230 1488 38 30 de
4280 1487 161 39 bicyc'.etw
4454 1488 74 31 dont
4554 1488 45 30 M.
4615 1488 143 33 Tonanx,
4776 1496 63 21 mar-

4111 1527 103 30 chand
4231 1528 37 28 de
4284 1535 87 30 porcs
4387 1528 18 28 &
4419 1528 25 33 Q
4453 1530 109 32 Jérorl,
4580 1528 84 30 avait
4691 1530 46 30 été
4765 1528 81 28 victi-

4115 1573 45 22 me
4176 1567 27 28 le
4219 1565 35 30 12
4272 1567 165 31 uoven-bre
4463 1576 51 21 sur
4541 1570 30 27 la
4599 1573 85 26 route
4698 1569 37 30 de
4752 1567 103 33 Brest,

4115 1606 67 38 prèi
4196 1606 37 30 de
4244 1605 176 32 l'Anblette.

4152 1645 45 30 Ce
4209 1646 129 35 cycliste
4354 1645 163 31 malairoit
4532 1650 44 26 est
4592 1656 41 21 un
4657 1648 90 37 Jeune
4763 1646 73 28 hem

4116 1693 46 22 me
4178 1684 37 30 de
4230 1684 38 30 19
4280 1694 67 26 ans,
4374 1685 106 30 Victor
4508 1685 151 38 Sauvage,
4691 1688 133 28 charron
4841 1687 19 26 à

4115 1723 165 30 Aucaleuc.
4299 1723 59 31 Les
4372 1724 184 38 gendarmes
4572 1729 83 27 étant
4665 1728 102 28 entrés
4779 1727 81 27 dans

4115 1766 30 26 la
4161 1763 83 37 forge
4258 1765 38 30 de
4311 1763 122 32 Chaluu
4457 1766 18 28 à
4502 1765 157 31 Aucaleuo
4685 1774 20 28 y
4735 1766 110 30 trouvé

4117 1808 63 24 reut
4196 1812 39 20 un
4253 1804 90 37 jaune
4358 1804 123 31 ouvrier
4491 1813 19 20 a
4519 1804 53 38 qui
4584 1805 38 30 ils
4633 1805 229 30 demandèrent

4115 1843 52 30 des
4183 1850 261 30 renseignements
4462 1852 52 21 sur
4527 1845 30 28 la
4571 1845 119 28 famille
4701 1844 158 37 Sauvage.

4119 1880 40 32 Le
4174 1881 91 37 Jeune
4283 1886 124 27 homme
4422 1884 143 37 répondit
4585 1884 76 37 qu'il
4687 1892 38 21 ne
4740 1886 31 27 la
4783 1892 56 21 cou-

4117 1922 128 30 naiisiit
4259 1930 64 30 pas.
4343 1923 103 33 Quant
4472 1924 18 28 à
4517 1923 124 30 Chelun
4667 1923 22 30 il
4715 1924 45 28 dit
4781 1923 80 38 qu'il

4117 1962 189 30 connaissait
4322 1962 70 30 bien
4407 1965 78 27 celte
4496 1963 118 30 famille
4629 1962 76 31 dont
4720 1964 43 30 les
4778 1970 86 24 decx

4117 2000 48 31 Ils
4182 2007 69 24 sont
4266 2001 63 30 l'un
4346 2002 167 30 meneisier
4528 2008 27 25 et
4580 2002 110 32 l'autre
4711 2003 151 33 charron,

4119 2041 78 28 mai*
4212 2040 74 38 qu'il
4302 2042 135 34 ignorait
4450 2041 39 30 où
4505 2042 113 30 étaient
4633 2050 50 22 ce*
4703 2043 78 30 denx
4796 2043 48 35 jeu-

4119 2089 52 21 nes
4198 2089 86 28 gens,
4317 2080 53 34 Or,
4398 2082 28 30 le
4453 2082 90 38 Jeune
4571 2083 124 28 homme
4736 2087 119 33 présent

4119 2121 77 28 dans
4211 2122 31 26 la
4256 2120 84 38 forg*
4352 2122 72 28 était
4444 2120 144 38 Sanvage
4611 2122 43 30 lal
4674 2121 111 32 même.
4802 2121 59 30 Les

4117 2160 183 37 gendarmas
4315 2166 94 32 ayant
4424 2160 52 31 de*
4502 2169 163 30 lonpçani,
4698 2170 32 22 le
4759 2161 89 31 rerdi-

4120 2203 65 26 rent
4201 2199 73 30 chez
4290 2199 44 30 loi
4345 2205 27 25 et
4388 2200 43 30 lui
4455 2200 222 31 demandèrent
4701 2203 17 27 à
4743 2203 69 28 voir
4831 2207 34 20 sa

4120 2239 172 37 bicyclette.
4311 2239 26 28 11
4365 2239 65 30 leur
4459 2244 122 26 montra
4609 2249 60 21 une
4691 2239 168 39 bicyclette

4119 2287 98 21 neuve
4233 2283 28 25 et
4276 2287 38 22 en
4330 2278 59 31 bon
4404 2280 71 34 état,
4494 2280 78 30 mais
4589 2278 124 32 flairant
4735 2288 59 22 une
4811 2289 38 20 su-

4122 2317 165 37 percherie,
4311 2317 39 30 in
4376 2321 185 32 trouvèrent,
4592 2319 181 31 diisimulée
4788 2319 53 31 der

4121 2356 77 31 rière
4213 2356 52 31 des
4280 2356 98 38 fagots
4395 2366 60 21 une
4479 2363 86 25 autre
4586 2359 104 31 vieille
4716 2359 146 30 machine

4120 2399 18 26 à
4150 2399 133 35 laquelle
4299 2398 21 28 il
4337 2401 161 33 manquât!
4526 2402 30 26 u
4585 2399 109 35 pédale
4721 2398 131 37 gauche.

4124 2437 106 30 Presse
4246 2435 37 31 de
4311 2437 157 37 questions
4496 2441 27 26 et
4552 2441 202 33 comprenant
4782 2437 76 37 qu'il

4120 2476 72 30 était
4208 2476 107 31 inutile
4331 2476 37 30 de
4397 2477 158 30 continuer
4585 2480 17 26 à
4629 2479 84 34 Jouer
4728 2486 40 20 au
4791 2480 71 33 plus

4121 2513 52 35 fin,
4193 2515 141 35 Sauvage
4349 2524 31 21 se
4391 2515 109 31 décida
4515 2518 18 27 à
4547 2517 77 30 faire
4639 2517 52 30 des
4717 2525 100 21 aveux
4834 2520 27 25 et

4122 2563 17 21 a
4154 2556 190 28 reconnaître
4359 2555 74 38 qu'il
4461 2556 80 30 avait
4567 2556 70 31 bien
4662 2558 142 30 renversé
4821 2565 41 20 un

4123 2598 122 25 homme
4256 2601 28 24 et
4300 2593 97 32 s'était
4411 2595 84 31 enfui
4524 2604 70 22 sans
4620 2596 178 38 s'inquiéter
4814 2595 48 31 s'il

4121 2634 104 30 l'avait
4243 2634 110 31 blessé.

4162 2694 157 30 L'exode
4333 2694 69 30 des
4414 2695 227 31 marchands
4655 2695 46 31 de
4714 2696 148 38 grains.

4174 2734 58 32 Lei
4247 2735 187 31 marchands
4467 2737 38 31 de
4538 2739 105 35 grains
4680 2740 175 34 convoqués

4124 2778 89 34 parle
4230 2776 96 30 maire
4341 2785 119 21 ocmme
4475 2785 76 21 nom
4564 2777 130 30 l'avions
4708 2779 151 32 annoncé,

4122 2824 31 20 se
4168 2819 69 25 sonl
4251 2816 104 28 réunis
4369 2816 65 31 hier
4450 2817 61 28 «olr
4528 2818 17 27 à
4560 2818 18 27 4
4605 2818 50 32 h.,
4680 2818 17 26 à
4720 2818 30 27 la
4779 2817 63 30 aai-

4122 2855 53 30 ri*s.
4195 2855 221 38 L'impression
4443 2857 90 35 qu'ils
4563 2861 52 25 onl
4643 2858 155 35 emportée
4826 2856 39 30 de

4123 2898 74 26 cette
4215 2901 142 24 entrevue
4369 2900 45 26 rsl
4429 2896 120 30 celle-ci
4570 2904 7 21 :
4593 2896 38 30 ils
4662 2901 126 33 pensent
4804 2903 63 31 que

4124 2939 28 24 la
4168 2939 69 26 taxe
4251 2942 52 21 sur
4317 2936 43 28 les
4382 2942 87 30 orge*
4485 2940 28 26 el
4540 2936 43 31 les
4618 2944 71 21 ions
4717 2941 45 25 «al
4799 2944 59 20 non

4124 2974 106 30 »fl»ire
4245 2975 98 37 réglée
4357 2974 149 32 d'avanee
4520 2980 28 26 al
4564 2983 59 30 que
4649 2979 28 28 le
4706 2975 156 31 semblant

4123 3017 37 27 de
4173 3014 158 31 déférence
4354 3014 92 38 qu'on
4461 3024 18 21 a
4505 3024 54 22 eue
4574 3024 74 30 pour
4675 3024 59 22 eux
4759 3025 37 21 en
4820 3017 43 30 le*

4124 3059 197 32 convoquant
4352 3063 74 27 pour
4447 3057 122 28 écouler
4604 3057 80 28 leuri
4717 3057 126 28 observa-

4126 3094 77 28 tion*
4219 3103 19 21 n
4251 3098 44 26 est
4310 3093 96 38 qu'un
4421 3099 118 34 trsape
4556 3094 89 30 l'«il.

4163 3132 86 31 Nous
4265 3142 38 21 ne
4317 3143 133 20 sommes
4466 3135 40 28 ici
4521 3144 59 27 qua
4594 3135 98 30 l'écho
4719 3135 38 31 de
4782 3136 84 30 leurs

4126 3175 129 34 plaintes
4271 3176 28 27 el
4323 3182 78 21 nous
4417 3176 64 27 leur
4494 3176 132 27 laissons
4643 3176 28 27 ta
4701 3183 145 28 responsa-

4126 3211 84 31 bilité
4221 3213 37 30 de
4270 3214 80 28 lears
4364 3211 216 37 affirmations,
4594 3215 79 27 mais
4689 3214 38 28 ils
4743 3216 105 34 préten-

4124 3253 70 28 dent
4209 3253 92 35 qu'on
4317 3261 39 21 ne
4370 3254 44 28 les
4439 3261 18 20 a
4475 3254 99 28 même
4590 3261 54 30 pas
4661 3254 93 30 laissé
4782 3254 63 30 s'ex
4857 3268 8 7 •

4124 3293 131 35 pliquer.
4284 3289 50 32 Ou
4368 3293 214 37 interrompait
4609 3301 76 21 crux
4714 3294 52 38 qui
4786 3302 58 21 vou-

4123 3333 94 27 laient
4238 3334 100 33 parler
4354 3339 37 22 en
4407 3333 66 30 leur
4486 3333 103 30 disant
4610 3333 77 37 qu'il
4713 3333 149 31 sortaient

4123 3372 37 28 de
4176 3372 25 27 1»
4221 3373 157 34 question.

4162 3410 80 34 Quoi
4258 3411 74 35 qu'il
4349 3419 37 21 en
4402 3411 69 35 soit,
4487 3411 25 30 si
4537 3412 30 30 la
4591 3416 69 26 laxe
4688 3417 46 26 est
4762 3415 96 31 volée,

4123 3450 43 30 les
4180 3450 187 30 marchands
4382 3450 38 31 de
4443 3451 105 35 grains
4576 3451 37 31 de
4641 3455 30 26 la
4688 3451 76 31 villa
4787 3457 70 26 sont

4123 3490 138 37 disposés
4276 3491 18 27 à
4307 3490 111 32 fermer
4434 3491 80 30 leurs
4527 3491 157 38 magasins
4701 3496 30 26 el
4742 3493 19 30 à
4779 3494 69 28 cher-

4123 3535 71 24 cher
4211 3529 119 32 fortune
4345 3534 17 25 à
4377 3531 9 28 1
4400 3530 162 31 extérieur.
4579 3534 90 27 Alors
4696 3533 71 35 quel
4795 3541 69 20 sera

4123 3570 28 30 le
4179 3568 131 32 bénéfice
4325 3569 37 31 de
4389 3570 30 28 la
4452 3569 72 31 ville
4534 3568 17 31 ?
4577 3570 59 30 Les
4662 3570 202 31 cultivateurs

4123 3613 144 26 trouvant
4279 3608 53 31 des
4355 3609 172 30 débauchés
4545 3612 69 34 plus
4648 3611 107 30 faciles
4785 3611 79 30 dans

4123 3650 43 30 lts
4180 3657 181 22 communes
4374 3650 208 31 avoisinantes
4597 3653 152 27 ossseront
4763 3651 37 31 de
4813 3659 34 22 ve-

4123 3689 50 30 nir
4188 3690 17 28 à
4225 3689 118 31 Dinau.

4162 3728 57 30 Les
4235 3732 220 26 restaurateurs
4470 3733 28 26 el
4514 3733 67 25 tous
4597 3731 43 27 les
4656 3733 100 26 autres
4770 3737 64 22 com-

4124 3772 151 31 merçants
4291 3768 74 31 dont
4381 3770 43 28 les
4447 3770 227 37 campagnards
4698 3770 164 30 formaient

4122 3810 31 25 la
4166 3809 142 30 oiientèle
4323 3808 142 31 n'auront
4479 3811 69 34 plus
4563 3809 71 37 qu'a
4649 3809 169 30 demander
4848 3813 18 25 à

4123 3848 30 27 la
4167 3848 215 37 municipalité
4395 3855 58 22 une
4469 3848 184 31 subvention
4671 3856 76 30 pour
4761 3848 45 30 les
4818 3849 30 27 aï

4122 3887 53 28 der
4191 3888 17 27 à
4232 3895 91 30 payer
4338 3887 80 31 leurs
4435 3888 99 37 loyers
4551 3893 27 25 el
4603 3889 80 28 leurs
4709 3893 152 26 Datantes.

4163 3926 92 35 M«is,
4272 3935 77 22 nous
4364 3926 119 32 l'avons
4500 3937 38 20 vu
4554 3927 77 32 dans
4648 3926 132 32 l'affaire
4808 3927 56 32 des

4123 3966 165 37 Salésiens,
4306 3966 21 31 il
4344 3971 77 27 reste
4436 3976 109 22 encore
4558 3969 148 37 quelques
4728 3967 119 31 conseil-

4123 4007 58 28 lers
4198 4006 226 38 indépendants
4440 4009 51 37 qui
4506 4016 38 22 ne
4558 4017 32 20 se
4617 4007 163 31 laisseront
4807 4016 54 28 pas

4122 4045 148 31 conduire
4285 4056 119 20 comme
4416 4049 53 28 des
4486 4051 142 27 moutons
4656 4050 19 26 à
4701 4048 30 30 la
4755 4050 110 28 séance

4123 4087 37 30 de
4178 4085 119 31 samedi
4313 4087 159 37 prochain.

4160 4146 216 30 Touchsinte
4388 4149 213 28 rencontre.
4678 4148 103 31 Lundi
4798 4148 63 31 soir

4122 4195 69 22 vers
4208 4186 37 31 10
4258 4189 30 27 h.
4305 4188 50 34 11-4
4371 4195 58 24 une
4446 4188 112 31 femme
4572 4196 38 22 en
4625 4189 61 30 état
4715 4188 148 31 d'ivressa

4122 4228 150 35 complète
4286 4226 45 32 fal
4348 4230 122 30 trouvée
4481 4228 77 30 dans
4574 4228 28 30 la
4616 4235 53 24 rue
4684 4228 38 31 de
4735 4230 31 27 la
4781 4227 81 32 Gara

4122 4267 132 30 couchée
4271 4276 52 21 «ur
4335 4276 43 22 an
4395 4269 116 28 trottoir
4527 4269 69 37 prés
4610 4269 39 28 de
4682 4269 31 30 la
4742 4269 122 30 maison

4122 4307 38 27 de
4182 4306 43 30 M.
4261 4306 219 35 Gsiscdoezfir,
4519 4307 162 37 négociant
4709 4316 38 21 an
4781 4307 83 30 vins.

4124 4346 168 30 Ramassée
4317 4355 54 28 par
4395 4349 44 27 les
4460 4346 184 38 gendarmas
4670 4351 28 25 el
4722 4346 145 31 eonduita

4121 4395 40 20 au
4196 4385 104 31 violon
4336 4387 171 37 municipal
4534 4387 59 31 elle
4619 4389 51 27 eut
4700 4387 165 37 l'agréable

4122 4426 136 37 surprise
4273 4426 19 30 d
4304 4435 19 28 y
4342 4433 172 22 rencontrer
4532 4434 53 21 son
4616 4426 77 30 mari
4721 4428 141 34 aveugla,

4121 4466 53 37 qui
4209 4474 20 28 y
4264 4467 83 28 avait
4376 4468 46 28 été
4448 4467 136 30 enfermé
4612 4474 61 30 peu
4701 4466 37 31 de
4766 4470 100 33 temps

4121 4512 94 24 avant
4232 4505 71 31 ella.

4161 4544 85 31 Celte
4259 4545 113 30 femme
4407 4546 143 28 nommée
4584 4544 98 32 Marie
4698 4545 167 31 Corentiae

4124 4585 144 33 Bmrhis,
4285 4585 113 30 femme
4416 4585 103 33 Pédel,
4546 4585 168 38 originaire
4727 4584 37 31 de
4781 4584 64 31 Ban-

4122 4625 97 32 nalec,
4238 4624 159 31 mendiant
4414 4624 38 31 de
4466 4632 77 31 pays
4558 4632 38 22 en
4615 4632 74 30 pays
4717 4632 38 22 en
4780 4632 65 22 com-

4123 4664 111 38 pagnie
4248 4665 37 28 da
4302 4671 54 22 son
4370 4663 90 34 mari,
4486 4664 85 30 avait
4597 4663 89 31 lâché
4713 4663 154 38 l'aveugle

4122 4704 77 30 dans
4222 4703 30 30 la
4279 4703 128 37 journée
4434 4711 77 30 peur
4544 4703 74 30 aller
4645 4703 85 31 boire
4757 4704 30 28 la
4815 4710 32 24 re-

4121 4748 89 26 oette.

4160 4781 46 32 Le
4219 4789 115 31 pauvre
4349 4782 129 35 aveugle
4489 4781 53 39 qui
4558 4781 117 32 n'avait
4696 4791 57 30 pas
4765 4783 30 30 le
4809 4792 54 21 sou

4121 4826 28 27 el
4165 4821 53 38 qui
4232 4831 39 22 ne
4286 4821 100 31 savait
4401 4821 39 30 oà
4455 4822 87 32 aller,
4559 4825 84 27 avait
4669 4824 45 30 élé
4728 4822 136 30 reousilli

4123 4871 54 27 par
4204 4863 41 30 les
4276 4866 106 32 agents
4407 4865 37 27 de
4467 4861 99 37 polioe
4591 4863 53 37 qui
4671 4861 43 30 lui
4740 4863 124 30 avaient

4122 4902 102 31 fourni
4239 4911 43 20 un
4297 4903 154 35 logement
4466 4910 73 28 pour
4554 4902 31 30 la
4612 4902 69 31 nuit
4693 4910 39 21 au
4761 4902 104 31 violon

230 5027 171 30 Feuilleton
415 5026 38 31 de
468 5023 250 33 l'Oiuti-ïïclair
817 5026 35 30 15

115 5144 296 131 Haine
446 5140 412 135 CORINTIRE

267 5307 86 44 Par
384 5304 124 45 René
535 5304 170 46 BAZIN

451 5446 80 31 VIII

157 5544 89 30 Guen
262 5542 98 31 s'était
376 5543 67 28 levé
454 5541 24 30 si
496 5541 230 38 brusquement,
745 5546 59 31 que
833 5539 28 31 le

118 5589 74 37 petit
209 5587 106 31 navire
331 5585 104 31 tomba
450 5593 56 31 par
520 5589 87 30 terre,
625 5584 44 30 les
685 5584 79 28 m&ls
781 5591 60 21 rom-

118 5640 70 27 pus.
208 5631 156 31 Personne
379 5629 52 38 n'y
445 5628 60 38 prit
521 5628 106 37 garde.
657 5627 91 30 Gaen
765 5626 96 30 lisait.

123 5676 22 28 Il
161 5679 51 26 ecl
222 5682 59 22 uns
295 5672 188 32 commotion
496 5670 77 38 qu'il
587 5670 136 38 réprima
733 5669 129 31 aussitôt

120 5719 130 38 regarda
266 5717 221 34 Marie-Anne,
503 5720 28 27 et
548 5715 45 31 dil
608 5724 9 21 :

215 5763 26 31 Il
255 5771 21 30 y
304 5770 18 22 a
346 5769 61 24 une
437 5760 159 30 mauvaise
625 5758 157 34 noavelle,
798 5766 65 21 mes

119 5809 136 31 enfants.

164 5852 156 30 Personne
335 5858 38 22 ne
387 5848 156 31 demanda
559 5846 150 38 laquelle.
729 5845 80 31 Tout
836 5845 30 31 le

124 5891 112 32 monde
250 5891 109 33 savait,
366 5889 100 31 Marie
483 5890 91 28 Anne
586 5885 185 38 surloul.qui
784 5894 61 22 sem-

124 5936 76 30 blait
215 5936 69 38 près
298 5935 39 30 de
346 5934 235 31 défaillir,isole
594 5930 270 37 blanche,n'ayan»

124 5980 38 30 de
177 5980 106 28 vivant
295 5987 59 28 qae
366 5978 43 31 les
423 5976 80 31 deax
516 5983 78 30 yeux
606 5975 52 38 qai
672 5974 195 37 regardaient

122 6026 32 30 la
170 6022 118 32 bonehe
304 6022 41 31 du
360 6022 81 38 père.

167 6069 25 30 Il
208 6069 105 37 reprit,
331 6066 94 30 lisant
442 6073 9 22 :

164 6122 15 18 u
249 6110 146 34 Misaine,
413 6107 223 35 canot,échelle
652 6106 37 31 de
704 6106 31 30 la
750 6105 118 30 Jeanne

125 6158 38 28 de
180 6155 155 32 Lannion.
363 6161 99 24 venue
488 6156 78 27 cette
581 6151 67 31 nuit
672 6152 18 26 à
705 6151 31 28 la
750 6150 79 28 cite.
853 6156 15 19 »

126 6202 83 30 C'est
244 6200 30 31 le
306 6196 214 32 commissaire
553 6196 35 28 de
618 6195 119 28 marine
758 6194 38 30 de
824 6191 44 31 La

128 6242 185 34 Tremblade
326 6241 53 39 qai
393 6240 110 32 envoie
516 6240 78 30 cela.

170 6294 26 30 Il
210 6293 53 38 n'y
278 6295 51 26 eat
346 6299 53 28 pas
415 6289 38 31 de
467 6288 59 30 cri.
553 6287 111 31 C'était
679 6287 27 28 le
722 6286 149 35 naufrage

129 6340 138 34 toujours
282 6335 123 38 présent
420 6341 60 22 aux
507 6333 129 30 femmes
652 6331 37 30 de
705 6330 163 35 Bretagne,

130 6385 28 28 le
174 6380 143 32 maibsur
332 6379 50 37 qui
399 6379 107 35 frappe
519 6385 41 21 an
572 6377 67 35 Jeur
651 6374 138 34 l'ane,an
803 6373 69 38 jour

131 6428 119 31 l'aatre.
269 6425 116 35 Depuis
403 6424 213 34 vicgl-qaaiie
633 6420 117 32 heures,
757 6417 90 31 Mari-

132 6472 91 30 e
239 6471 27 30 le
294 6468 111 31 sentait
433 6475 53 21 sar
510 6465 71 32 aile.
608 6465 180 30 Seulement
814 6463 59 30 elle

133 6517 99 32 ferma
246 6515 45 31 les
319 6520 91 32 yeux,
439 6519 31 25 se
493 6509 94 32 laissa
613 6508 118 32 tomber
759 6515 51 22 sar
829 6508 43 31 les

913 5021 122 28 genoux
1051 5010 38 31 de
1104 5010 177 33 Corentine,
1300 5011 96 28 assise
1426 5009 69 37 près
1509 5007 103 35 d'elle,
1630 5010 27 27 et

914 5063 31 22 te
960 5055 57 30 mit
1031 5056 18 27 à
1064 5054 167 38 s&nglotsr.

954 5099 142 31 Pendant
1111 5107 60 21 une
1187 5098 120 31 minute
1322 5106 39 22 on
1377 5095 184 34 n'entendit,
1579 5095 78 30 dans

914 5144 30 30 la
956 5144 119 37 grande
1090 5141 86 34 salle,
1194 5150 60 30 que
1270 5144 28 28 le
1312 5140 81 30 bruit
1426 5139 115 32 ôloufié
1559 5139 37 30 de
1611 5147 47 21 ses

914 5186 139 38 sanglots
1069 5190 28 26 et
1111 5186 30 28 le
1156 5186 191 37 piau'ement
1374 5185 43 30 du
1431 5187 71 26 vent
1521 5184 38 28 de
1574 5190 80 22 mer.

954 5231 128 28 Simone
1115 5229 99 31 s'était
1244 5229 195 37 agenouillée
1468 5228 116 31 devant
1625 5235 34 20 sa

915 5276 93 34 mère,
1023 5278 27 26 el
1064 5272 148 32 caressait
1240 5272 31 31 la
1285 5272 71 38 joue
1383 5271 71 39 pâle
1479 5271 38 31 de
1545 5270 113 31 Marie-

915 5317 102 30 Anne.

1018 5361 47 31 Ne
1082 5362 120 35 pleurez
1232 5369 66 28 pas,
1329 5363 84 27 Unie
1428 5357 110 32 Marie-
1546 5356 90 33 Anne
1650 5356 7 31 !

915 5402 79 32 Tonl
1010 5405 78 31 n'etl
1103 5413 54 30 pas
1178 5405 106 37 perdu,
1304 5408 71 33 peut
1390 5404 72 31 être.

954 5450 115 31 Toutes
1085 5450 90 34 deux,
1194 5450 30 30 la
1238 5447 64 32 fille
1317 5452 27 27 et
1361 5450 30 28 la
1404 5454 93 27 mere,
1517 5447 142 30 tournées

917 5503 67 20 ver»
999 5496 31 27 la
1046 5497 94 33 porle,
1166 5493 44 30 lei
1238 5500 81 28 yeux
1336 5499 39 22 en
1401 5493 126 33 larmei,
1557 5498 85 28 regar-

918 5538 104 30 daient
1037 5536 268 31 alternativement
1322 5536 90 30 Guen
1447 5539 27 26 et
1489 5535 30 31 le
1534 5532 124 39 syndio,

918 5581 189 31 demandant
1121 5589 60 21 anx
1212 5581 139 30 homme*
1368 5588 43 22 an
1429 5588 59 30 pen
1514 5577 146 39 d'espoir,

919 5634 60 21 une
997 5624 191 31 consolation
1205 5623 92 38 qu'il*
1309 5623 165 38 pouvaient
1489 5623 170 33 avoir,aux.

920 5669 38 31 El
972 5669 39 28 ili
1028 5676 31 22 ee
1072 5668 165 34 tlaisaienl.
1271 5668 90 30 Guen
1389 5667 117 30 relisait
1540 5674 77 30 pour
1631 5665 32 31 la

919 5713 133 30 dixième
1069 5712 57 30 fois
1142 5713 30 28 la
1187 5712 148 37 dépéohe,
1354 5715 98 26 tontes
1466 5712 43 30 le*
1526 5711 81 31 rides
1624 5709 39 32 de

920 5765 56 21 son
989 5756 77 31 vicx
1082 5756 105 38 visage
1201 5757 141 30 creusées
1357 5763 57 31 par
1429 5754 31 30 la
1475 5754 184 35 souffranoe,

920 5799 163 39 incapable
1097 5799 38 32 de
1150 5799 116 38 parler.

961 5844 149 30 Pourtant
1144 5843 24 30 il
1205 5843 135 34 comprit
1381 5843 30 30 la
1453 5842 210 37 supplication

921 5891 113 27 muette
1050 5889 53 30 des
1119 5885 180 35 femmes,fil
1311 5896 41 21 un
1369 5887 99 37 grand
1483 5887 87 31 effort
1585 5896 78 28 pour

921 5931 135 39 paraître
1069 5933 99 31 calme
1174 5952 7 15 t
1199 5935 28 27 et
1240 5930 45 32 dil
1302 5940 9 22 :

1015 5976 54 28 Ma
1084 5975 91 38 petite
1200 5974 74 35 fille,
1305 5979 32 27 lu
1364 5979 27 27 le
1420 5975 164 39 rappelles,
1611 5975 52 38 j'ai

921 6020 150 35 naufragé
1087 6020 70 28 bien
1173 6020 52 30 des
1240 6019 97 30 fois...

1011 6061 38 32 Je
1059 6063 60 31 l'en
1135 6065 77 35 prie,
1230 6060 219 37 Marie-Anne,
1487 6063 94 38 repril
1598 6071 44 22 ma-

924 6106 91 31 dame
1030 6106 177 35 Corentine,
1224 6110 106 28 écoule
1343 6115 33 21 ce
1403 6113 59 30 que
1482 6106 40 31 lit
1538 6106 28 31 le
1579 6106 83 39 Fère,

924 6158 38 22 ne
977 6154 28 27 te
1019 6150 104 31 désole
1139 6159 56 30 pas
1212 6158 120 22 comme
1348 6151 65 30 cela
1429 6148 7 31 I

1018 6194 98 30 Tarie
1155 6195 100 31 Marie
1272 6194 102 34 Anne,
1413 6202 73 30 ayez
1520 6202 142 30 courage,

925 6242 124 27 éooutez
1063 6246 33 22 ca
1111 6247 59 30 qae
1185 6240 45 30 dil
1244 6239 183 38 grand'père
1442 6236 6 32 !

966 6282 39 31 El
1018 6282 76 31 ailes
1109 6282 229 35 demandaient,
1370 6282 30 30 la
1415 6282 58 32 tête
1496 6282 84 32 levée
1594 6289 69 24 vers

927 6328 27 30 le
977 6327 92 32 vieux
1096 6326 102 37 Guen,
1227 6328 148 38 quelques
1404 6328 120 37 parole»
1553 6334 110 25 encore

927 6380 77 30 pour
1018 6371 128 30 adoucir
1161 6374 76 27 celte
1246 6373 128 30 douleur
1383 6371 142 32 acotblée
1539 6370 125 39 qu'ailes

927 6416 136 31 tenaient
1075 6417 41 33 là,
1131 6423 85 24 entra
1233 6417 76 30 elles
1324 6418 92 28 deux.

1018 6459 48 31 Ta
1081 6459 66 30 vois
1162 6458 92 39 qu'on
1270 6468 38 22 en
1323 6462 125 34 revient,
1463 6459 148 31 continua
1638 6458 28 32 le

930 6504 164 39 capitaine.
1126 6503 175 37 D'ailleurs,
1330 6504 21 31 il
1382 6513 38 24 ne
1442 6504 86 39 parle
1544 6510 56 33 pas
1624 6503 43 32 dn

1715 5007 122 33 bateau,
1853 5008 28 28 le
1897 5007 226 30 oomminaire.
2141 5006 50 30 Un
2210 5007 109 30 baieau
2334 5007 83 34 neuf,
2431 5011 28 26 et

1715 5050 98 31 ■olide
1830 5052 61 27 àla
1926 5059 64 22 mer
2008 5048 7 31 !
2054 5050 25 30 Il
2096 5059 71 28 apu
2184 5059 31 21 te
2230 5048 107 32 défiler
2354 5059 52 21 sar
2430 5052 30 28 la

1715 5096 66 27 côte
1796 5092 188 40 d'Eipagne,
2002 5104 72 22 tant
2109 5101 124 31 essayer
2250 5094 37 31 de
2302 5099 117 26 rentrer
2441 5094 18 30 à

1716 5138 175 35 Bardeaux,
1910 5143 31 26 iu
1955 5138 185 38 comprends
2157 5137 17 31 ?

1755 5183 83 31 Rien
1852 5190 39 24 ne
1906 5183 163 38 répondait
2083 5183 18 28 k
2128 5190 48 24 ce»
2193 5181 128 39 phrase»
2347 5190 93 22 encou-

1716 5231 171 31 rageante»,
1905 5226 77 35 qu'il
1996 5226 84 28 avait
2093 5230 65 26 tant
2173 5226 38 30 de
2236 5228 89 35 peine
2340 5229 18 26 à
2374 5230 69 26 trou-

1716 5278 52 21 ver
1800 5274 30 26 at
1845 5271 18 28 à
1881 5270 77 30 dire.
1989 5269 209 32 Marie-Anne
2226 5270 133 37 pleurait
2388 5278 71 21 sani

1715 5313 86 31 avoir
1818 5313 69 31 l'air
1903 5313 222 35 d'entendre,et
2138 5313 170 32 demeurait
2324 5313 118 32 obstiné-

1716 5361 84 26 ment
1815 5359 143 33 couchée,
1989 5359 30 28 la
2047 5357 105 35 visage
2179 5357 105 31 enfoui
2321 5359 78 30 dani
2415 5357 43 32 les

1716 5401 60 39 plis
1793 5401 38 31 de
1845 5402 31 28 la
1891 5401 72 32 roba
1990 5402 38 30 de
2056 5409 34 21 sa
2109 5409 94 22 sœur.
2237 5401 52 32 l'a
2317 5402 143 31 bandeau

1716 5445 110 31 froissé
1840 5444 38 32 de
1906 5446 138 30 lacirffj
2074 5444 109 32 battait
2207 5453 40 22 au
2276 5454 50 21 ras
2341 5445 39 32 de
2407 5454 54 21 soa

1717 5497 67 26 ooa,
1802 5497 122 22 oomme
1938 5498 61 24 ane
2015 5490 59 32 aile
2088 5491 116 31 caisée.

1756 5532 102 35 Alors,
1877 5533 90 31 Gnen
1982 5535 195 38 s'approcha.
2196 5533 60 31 Lui
2277 5535 54 38 qai
2357 5533 105 32 n'était

1719 5585 54 30 pas
1788 5577 226 35 démonstratif,
2031 5580 22 28 il
2069 5578 57 30 mit
2139 5580 32 28 la
2187 5578 86 31 main
2302 5580 59 28 très
2391 5580 53 28 dou-

1719 5626 118 26 cement
1852 5628 51 22 snr
1919 5621 131 38 l'épaule
2066 5622 38 31 de
2119 5631 33 20 sa
2173 5622 76 37 fille,
2276 5626 39 32 el,
2346 5622 117 38 penché

1720 5673 76 31 pour
1811 5665 112 39 qu'elle
1943 5666 139 31 entendit
2106 5668 117 33 mieux,
2245 5666 22 31 il
2291 5666 56 37 dit,
2373 5666 90 32 d'une

1719 5709 72 30 voix
1807 5712 84 27 toute
1904 5709 187 30 affectueuse
2106 5719 7 20 :

1811 5753 54 30 Ma
1880 5753 93 38 petite
1984 5753 117 35 enfant,
2132 5753 28 37 je
2187 5753 130 32 t'assure
2333 5761 59 31 que
2412 5753 53 38 j'ai

1719 5805 110 22 encore
1843 5797 38 31 de
1893 5796 136 39 l'espoir.
2046 5796 138 39 Voyons,
2202 5797 98 38 qu'est
2315 5806 33 22 ce
2361 5798 53 37 qai
2437 5802 28 27 te

1720 5841 102 33 donne
1845 5845 65 27 tant
1938 5841 38 32 de
2002 5845 154 27 loarmenl
2171 5839 17 31 ?
2217 5841 81 32 C'est
2328 5842 137 32 l'échelle

1721 5885 118 31 tombée
1850 5887 18 27 i
1878 5887 30 28 la
1918 5894 77 27 mer,
2013 5885 126 31 n'est-ce
2156 5894 54 30 pas
2222 5884 15 30 ?
2250 5884 80 31 Mais
2341 5887 109 31 l'éohel-

1720 5929 28 31 le
1761 5929 74 30 était
1850 5929 171 32 mauvaise.
2039 5929 123 31 Sullian
2176 5928 84 31 avait
2275 5928 44 31 dit
2334 5930 74 35 qu'il
2434 5930 31 30 la

1720 5973 131 38 jetterait
1865 5982 43 21 an
1923 5974 67 37 joar
2006 5982 41 21 oa
2062 5973 110 32 l'autre
2186 5981 57 30 par
2254 5973 111 31 dessus
2375 5972 89 32 bord.

1721 6017 47 30 Tu
1782 6020 28 27 ta
1826 6017 145 32 souviens
1989 6017 17 28 ?

1760 6059 44 31 Le
1818 6069 73 21 nom
1904 6060 38 31 de
1956 6060 124 31 Sullian
2109 6060 34 31 fil
2172 6070 32 22 se
2228 6060 154 31 redresser
2396 6059 45 31 Ma-

1721 6104 163 31 rie-Anne.
1902 6103 119 32 Enoore
2036 6107 142 35 appuyée
2192 6106 53 28 des
2261 6104 80 31 deux
2363 6104 102 31 mains

1721 6157 51 22 sur
1787 6156 33 21 sa
1835 6156 94 27 rœur,
1946 6149 44 31 les
2013 6148 139 33 cheveux
2180 6149 96 31 collés
2304 6156 39 22 aa
2372 6148 92 37 front,

1721 6194 59 32 elle
1806 6194 129 38 regarda
1968 6202 56 22 ion
2053 6196 79 37 père,
2163 6196 45 30 les
2235 6202 80 31 yeux
2347 6195 117 37 égarés,

1721 6246 120 22 comme
1859 6236 25 30 ti
1899 6246 40 21 on
1963 6239 104 31 venait
2094 6239 39 32 de
2161 6237 148 39 l'appeler
2339 6237 77 31 dans
2437 6239 28 32 le

1721 6280 156 31 sommeil.

1813 6325 72 35 Oui,
1904 6325 131 38 dit-elle,
2066 6327 73 32 o'esl
2163 6326 74 37 vrai,
2268 6326 21 31 il
2319 6325 83 32 avail
2421 6326 44 32 dil

1721 6371 77 31 oela.

1814 6416 80 30 Pour
1920 6416 27 31 la
1976 6419 102 33 canot,
2109 6415 93 40 reprit
2231 6415 99 33 Gaen,
2348 6417 33 28 le
2404 6416 60 31 iaii

1723 6461 79 33 bien,
1822 6468 50 20 ma
1885 6459 103 35 petite,
2006 6464 65 26 tout
2083 6469 32 21 ce
2130 6468 59 30 que
2212 6459 31 28 la
2269 6468 65 21 mer
2355 6468 38 21 en
2414 6468 33 22 en-

1723 6504 74 33 lève.
1817 6503 26 31 Il
1858 6502 52 40 n'y
1925 6513 15 21 a
1956 6513 60 31 qne
2030 6504 30 31 la
2075 6503 132 33 miiaine
2230 6502 52 41 qui
2311 6511 50 24 me
2387 6503 77 31 ohif-

2515 5007 145 32 fonne...
2683 5008 158 32 Pourtant,
2858 5017 35 26 ça
2915 5017 32 21 se
2974 5008 56 31 fait
3053 5010 207 35 quelquefois,

2516 5059 76 30 pour
2619 5052 113 38 alléger
2760 5060 43 22 an
2829 5052 111 32 bateaa
2956 5061 6 19 :
2980 5061 39 21 an
3033 5061 97 28 coape
3146 5054 30 30 la
3206 5054 37 31 mi-

2516 5095 99 31 saine.
2629 5117 27 8 ..

2556 5139 70 31 Elle
2653 5140 144 30 semblait
2824 5148 32 21 te
2882 5140 110 30 laisser
3019 5141 185 31 convaincre
3234 5145 27 28 el

2517 5183 130 38 prendre
2661 5192 43 22 an
2719 5191 56 31 peu
2791 5183 39 32 de
2843 5184 189 38 l'eipéranoe
3056 5184 74 38 qu'il
3155 5185 89 32 émiel-

2517 5228 53 28 tait
2598 5228 115 31 devant
2739 5228 71 31 elle.
2839 5228 81 30 Mail
2947 5228 104 39 qaand
3065 5229 60 31 elle
3139 5229 45 31 vit
3203 5238 58 28 que

2517 5271 100 30 c'était
2634 5276 72 30 tout,
2724 5271 59 31 elle
2798 5271 215 32 s'abandonna
3040 5272 38 30 da
3106 5281 152 28 nouveau,

2517 5315 44 31 les
2583 5315 71 31 brai
2669 5320 109 26 autour
2793 5315 41 31 du
2851 5324 57 21 ooa
2924 5316 37 31 de
2976 5326 32 20 ia
3026 5326 83 20 soeur
3124 5326 8 21 :

2615 5360 84 30 Vou»
2727 5368 38 21 ne
2791 5368 50 22 me
2863 5363 170 34 Irompertx
3048 5369 66 28 pat,
3132 5360 44 31 dit
3190 5362 69 35 elle,

2517 5402 39 30 ili
2572 5407 67 27 sont
2655 5408 66 26 toui
2739 5408 93 26 msrls
2850 5401 6 31 I

2558 5446 39 32 Et
2617 5448 59 31 elle
2692 5457 215 27 recommença
2921 5450 18 28 à
2954 5450 120 38 pleurer
3099 5450 70 37 pins
3190 5450 69 35 lori,

2517 5496 116 33 voyant
2647 5502 59 28 que
2721 5499 151 30 perionne
2887 5492 112 31 n'osait
3011 5493 66 31 dire
3089 5502 71 21 non.

2609 5535 176 39 Capitaine,
2803 5535 34 31 il
2852 5544 61 22 une
2928 5545 104 28 groise
3046 5537 83 34 veix,
3145 5536 25 31 si
3185 5546 76 20 voiii

2518 5581 110 28 voulez
2653 5580 216 39 télégraphier,
2897 5588 34 24 oe
2961 5581 76 37 soir,
3058 5581 21 31 il
3104 5581 77 32 c'est
3202 5590 60 30 que

2518 5626 110 33 temps.

2561 5666 41 31 Ils
2617 5667 123 32 avaient
2757 5672 67 26 tons
2838 5666 103 32 oublié
2956 5668 28 31 le
3000 5668 123 38 syndic.

2609 5711 51 39 J'y
2674 5712 77 35 vais,
2766 5711 142 37 répoadit
2923 5711 144 33 Gaen...
3090 5712 77 32 Huit
3189 5712 56 32 heu-

2520 5763 46 22 res
2582 5759 28 27 et
2626 5756 154 31 demie...
2798 5754 89 31 Noas
2902 5763 151 30 pourrons
3070 5757 86 31 avoir
3170 5757 32 31 la
3217 5758 30 31 ré-

2520 5807 94 28 ponse
2630 5803 93 28 avant
2739 5800 53 30 dix
2806 5799 167 31 heures...

2562 5842 26 32 Il
2615 5843 60 38 jeta
2705 5852 41 22 en
2771 5843 109 39 regard
2909 5843 104 32 désolé
3038 5854 52 21 snr
3104 5845 30 31 le
3146 5854 117 30 groupe

2519 5895 60 30 que
2602 5887 165 33 formaient
2796 5896 47 24 ses
2869 5887 120 32 enfaats
3018 5893 28 27 el
3074 5889 87 31 sortit
3189 5897 74 22 aveo

2519 5931 159 31 l'homme.

2614 5975 66 32 Que
2694 5982 112 28 pensez
2823 5985 74 21 veas
2913 5975 38 31 de
2973 5975 31 30 la
3026 5975 137 37 dépêche
3178 5975 17 31 ?
3211 5976 34 31 de-

2520 6018 116 32 manda
2652 6022 9 26 t
2678 6019 34 34 il,
2727 6019 54 30 dès
2797 6020 74 37 qu'il
2888 6019 45 31 fat
2947 6019 66 31 seal
3035 6027 74 22 avec
3137 6021 30 30 la
3194 6031 51 28 syn-

2520 6063 59 31 dic.
2598 6061 56 31 Est
2670 6070 34 24 ce
2719 6065 65 27 tout
2796 6063 152 31 mauvais.

2610 6104 35 32 Je
2661 6106 28 31 le
2705 6106 90 35 orois,
2812 6107 167 38 capitaine.

2615 6149 148 32 Pourtant
2778 6149 21 32 il
2817 6150 76 33 n'asl
2908 6161 54 30 pas
2978 6150 142 39 question
3138 6151 44 31 da
3209 6152 35 31 ba-

2522 6193 96 33 teau?

2614 6239 26 30 11
2654 6237 65 31 doit
2732 6239 61 31 être
2805 6240 98 31 coulé.
2921 6240 84 32 C'est
3019 6239 26 31 *i
3061 6240 154 37 mauvais,
3233 6241 31 31 la

2520 6282 111 32 rivière
2642 6282 38 32 de
2696 6281 164 32 Bordeaux
2874 6287 6 24 l
2898 6283 60 31 Sur
2973 6287 106 35 quatre
3092 6283 168 37 malbeirs,

2520 6327 81 31 deux
2615 6327 136 31 arrivent
2764 6326 41 31 là.
2820 6326 83 32 Vous
2920 6328 28 32 le
2962 6337 90 24 savez
3073 6326 81 37 bien,
3176 6330 69 37 capi-

2522 6371 92 31 taine.

2613 6413 70 37 Oui,
2700 6415 30 38 je
2745 6415 27 32 le
2793 6415 76 30 sais.

2562 6459 43 30 Ils
2615 6459 158 30 oausaient
2787 6468 71 20 lans
2874 6459 110 32 laisser
2998 6461 132 38 paraître
3141 6459 102 32 d'émo-

2522 6503 73 37 lion,
2613 6510 120 24 oomme
2746 6502 47 32 s'il
2805 6510 32 25 se
2852 6503 44 31 fût
2911 6503 48 38 agi
2976 6504 43 31 da
3033 6504 143 32 malhear
3187 6504 73 32 d'an

3317 5013 115 28 veisia.
3445 5010 44 31 La
3502 5013 130 37 tempête
3643 5013 165 37 emportait
3821 5013 26 28 si
3861 5013 202 28 violemment

3318 5055 81 30 leurs
3413 5059 78 26 mots
3508 5055 133 31 derrière
3652 5065 69 26 eux,
3732 5055 93 39 qu'ils
3840 5055 223 33 s'eatendaitnl

3318 5099 17 30 à
3351 5099 89 38 peine
3455 5099 66 32 l'un
3535 5099 119 32 l'autre.

3358 5144 112 33 Quand
3485 5144 40 30 ils
3555 5147 109 27 eurent
3691 5144 57 31 fait
3775 5148 69 27 cent
3874 5152 54 30 pai
3958 5151 52 21 inr
4032 5144 30 28 le

3318 5189 84 35 quai,
3417 5187 39 28 ili
3478 5189 211 37 s'engagèrent
3704 5191 85 28 entre
3814 5189 44 30 les
3887 5187 80 31 deux
3993 5185 66 31 files

3318 5232 35 28 de
3370 5231 137 30 maisons
3521 5236 98 25 toutes
3633 5232 139 34 fermées,
3790 5231 144 31 dormant
3950 5241 39 20 au
4004 5230 35 30 mi-

3317 5275 63 31 lien
3394 5275 37 31 de
3446 5280 81 26 lenrs
3543 5275 129 38 jardins.
3699 5275 90 32 Goen
3819 5284 74 28 posa
3917 5284 35 20 sa
3974 5274 85 32 main

3318 5327 52 21 sur
3384 5320 28 30 le
3425 5319 70 30 bras
3510 5319 41 30 dn
3574 5320 122 37 syndie.
3723 5320 41 30 Sa
3793 5320 86 31 main
3905 5319 155 32 tremblait

3318 5363 69 37 plus
3403 5372 58 27 que
3476 5372 34 20 sa
3526 5362 80 30 voix.

3407 5407 78 30 Tout
3501 5407 37 30 de
3554 5415 111 28 atome,
3681 5407 94 35 dil-il,
3791 5417 43 21 an
3848 5406 107 31 navire
3970 5407 18 28 à
4003 5414 56 22 son

3319 5451 131 38 premier
3463 5459 129 30 voyage,
3609 5461 41 21 an
3665 5452 100 31 marin
3782 5459 119 24 comme
3915 5450 123 32 Sallian
4050 5451 6 30 I

3318 5494 84 31 Vous
3424 5503 106 30 croyez
3547 5496 17 30 ?

3358 5537 163 33 L'homme
3534 5541 70 32 leva
3638 5541 44 31 lai
3697 5541 124 35 épaules
3839 5546 38 22 ea
3893 5539 165 37 regardant

3318 5580 44 30 les
3374 5580 110 30 touffes
3501 5581 37 30 de
3554 5581 119 37 plantes
3689 5580 204 38 grimpantes,
3912 5578 102 31 noires
4030 5583 28 26 et

3319 5623 122 30 tordues
3456 5633 122 21 oomme
3608 5633 60 21 une
3683 5624 112 34 fumée,
3826 5623 54 37 qui
3895 5623 162 30 dansaient

3318 5670 27 27 el
3371 5666 247 37 s'éohevelaisnl,
3647 5668 18 30 à
3692 5667 84 31 demi
3806 5667 172 35 arraobées,
4006 5673 52 24 sur

3318 5711 104 31 l'aiêle
3437 5711 73 31 d'un
3527 5719 79 24 mar.

3411 5754 143 31 Ecoutez,
3573 5756 157 31 monsieur
3745 5754 105 37 Guen,
3866 5754 44 30 dit
3928 5754 32 33 il,
3985 5763 71 21 sans

3319 5799 150 38 répondre
3502 5802 19 27 à
3554 5800 31 30 la
3617 5799 208 39 supplication
3846 5799 143 37 déguisée
4016 5797 40 31 da

3319 5843 91 31 vieux
3437 5844 30 38 je
3482 5844 66 31 dois
3574 5844 78 30 aller
3669 5852 38 22 en
3738 5842 226 32 Ploamanao'b
3978 5850 79 30 pour

3319 5895 156 24 annoncer
3489 5889 31 30 la
3531 5888 142 32 nouvelle
3684 5889 19 28 à
3712 5888 31 30 la
3758 5888 83 31 mère
3855 5887 44 31 Le
3915 5887 57 33 Dû,
3984 5885 73 32 dont

3318 5933 27 30 le
3364 5930 50 31 fits
3429 5933 73 30 était
3516 5940 135 25 moasse,
3667 5933 18 30 à
3710 5931 77 31 bord
3820 5931 37 30 de
3869 5930 31 28 la
3919 5929 132 31 Jtannt.

3319 5973 45 31 La
3378 5975 202 30 oommissioo
3593 5974 78 31 n'est
3681 5983 54 28 pas
3749 5978 130 34 pressée,
3883 5981 74 22 vous
3973 5980 63 24 oom-

3319 6018 165 38 prenez.Je
3500 6027 80 30 peux
3594 6018 78 32 faire
3686 6019 44 31 les
3746 6022 69 26 oent
3830 6026 54 31 pas
3900 6017 113 31 devant
4029 6017 28 31 le

3320 6063 115 30 bureau
3450 6063 38 31 de
3501 6067 97 33 poste,
3621 6063 123 38 jasqa'à
3768 6063 53 30 dix
3849 6063 119 28 heures.
3999 6059 56 31 S'il

3318 6106 83 30 vient
3429 6115 60 21 une
3516 6109 139 35 réponse,
3686 6115 77 21 vous
3791 6106 112 28 l'aurez
3926 6107 65 27 toal
4018 6104 38 31 de

3319 6149 86 32 mite.
3425 6149 34 31 Si
3475 6159 76 21 vous
3563 6159 39 22 ne
3618 6158 48 24 me
3681 6158 128 31 revoyez
3823 6148 142 39 pas.c'eit
3980 6149 74 38 qu'il

3317 6194 53 39 n'y
3384 6202 76 22 aura
3475 6194 77 32 rien.

3357 6237 44 32 Le
3413 6239 156 38 capitaine
3593 6242 125 35 aooepta
3739 6237 73 31 d'an
3829 6234 89 40 ilgan
3932 6236 39 32 de
3984 6239 69 32 fête.

3319 6283 78 30 Sans
3412 6282 76 39 qu'il
3502 6291 20 31 y
3537 6285 100 38 paiût,
3660 6283 22 30 il
3709 6282 73 31 était
3808 6281 243 37 reconnaissant,

3318 6328 37 30 de
3369 6327 100 30 même
3483 6335 60 30 que
3557 6328 109 30 l'autre
3692 6326 73 31 était
3793 6327 81 28 éaaa.
3906 6324 83 32 Mais
4004 6334 50 24 eei

3317 6371 156 31 ohoses-là
3488 6376 112 26 restent
3615 6370 254 32 sous-entendues
3883 6374 85 27 entre
3978 6379 76 30 gens

3317 6417 38 31 de
3379 6416 31 31 la
3436 6418 74 28 cote.
3541 6415 81 33 Tcus
3650 6417 79 30 deux
3756 6415 152 30 entrèrent
3924 6415 79 32 dans
4025 6415 30 30 la

3318 6461 119 30 maiion
3456 6461 97 34 basse,
3570 6462 90 37 posée
3685 6461 38 28 de
3750 6458 79 28 biais
3857 6467 53 21 sur
3931 6467 43 22 en
3987 6461 66 28 côlé

3315 6503 39 34 de
3367 6506 31 30 la
3412 6507 96 32 route,
3520 6507 28 28 et
3561 6504 53 39 qai
3628 6503 89 33 tends
3723 6503 22 31 it
3759 6511 59 21 aux
3833 6507 151 34 panants,
3997 6510 57 32 par

4119 5022 107 31 dessus
4241 5030 61 22 ans
4318 5022 92 30 loafle
4423 5021 38 31 de
4476 5022 148 34 faohiias,
4643 5022 28 31 le
4685 5029 58 22 eoa
4760 5022 81 31 déme-

4117 5067 71 30 suré
4202 5065 92 32 d'une
4311 5066 80 31 boita
4408 5074 59 21 aux
4481 5066 113 31 lettre*.

4156 5108 50 31 Aa
4222 5111 100 30 mim?
4337 5113 146 32 moment,
4500 5108 221 35 Marie-Anne,
4737 5111 52 37 qni
4808 5111 40 30 l'é-

4117 5153 54 31 tait
4186 5154 119 30 calmée
4323 5161 58 30 peu
4396 5154 18 28 à
4429 5161 70 30 pan,
4513 5158 30 26 et
4557 5153 132 30 éooutait
4704 5161 34 22 es
4753 5163 59 28 que
4828 5164 33 20 «a

4116 5203 83 25 •cour
4217 5197 126 39 pouvait
4356 5197 138 31 inventer
4508 5197 37 32 de
4560 5202 161 26 rassurant
4734 5207 39 21 en
4788 5197 59 31 l'ab-

4117 5250 90 22 sence
4222 5243 41 28 du
4280 5243 80 35 père,
4377 5241 86 30 saisit
4478 5242 31 28 la
4526 5242 85 30 main
4626 5242 38 31 de
4681 5242 178 35 Coremine,

4115 5289 28 27 et
4172 5287 30 28 la
4230 5294 83 21 «erra
4338 5284 25 30 si
4393 5284 162 32 fortement
4583 5294 60 28 qae
4670 5288 76 27 celle
4762 5288 27 27 ci
4807 5288 34 28 de-

4116 5328 116 32 manda
4247 5337 8 20 :

4207 5373 152 33 Qa'as-tu,
4378 5381 51 21 ma
4444 5373 103 31 ohérie
4559 5372 18 31 ?
4592 5373 44 31 Sa
4651 5373 129 33 souffres
4798 5373 15 31 ?

4207 5417 90 35 Rien,
4317 5417 142 39 répondit
4474 5418 100 31 Marie
4590 5419 100 30 Anae.

4153 5460 93 37 Mail,
4264 5463 90 37 après
4369 5471 43 21 nn
4429 5471 57 27 peu
4502 5463 38 31 de
4557 5466 110 33 temps,
4683 5464 31 28 la
4727 5465 131 30 douleur

4114 5505 111 31 revint.
4244 5504 206 32 Marie-Anne
4466 5506 143 37 comprit.
4626 5505 69 32 Elle
4722 5516 31 21 se
4782 5516 57 30 pen-

4114 5549 59 30 cha
4187 5557 69 22 vers
4285 5557 33 21 sa
4341 5558 93 25 loeur,
4466 5552 38 32 et,
4528 5550 59 30 très
4613 5549 66 37 bas,
4709 5549 44 33 lu
4774 5559 83 30 yeux

4114 5593 149 35 agrandis
4279 5601 57 31 par
4349 5594 33 30 la
4396 5601 89 30 peur,
4499 5595 59 30 elle
4573 5593 45 32 dit
4635 5602 8 24 :

4206 5636 175 37 Corentine,
4397 5639 30 37 je
4441 5637 69 30 vais
4537 5639 87 30 avoir
4649 5647 73 24 mon
4750 5640 106 32 estant

4114 5685 77 27 cette
4205 5681 67 31 nuit
4290 5682 7 28 I

4463 5720 46 31 IX

4153 5786 112 34 Qaand
4281 5786 98 35 Gnen,
4410 5790 113 32 rentra,
4551 5787 22 30 il
4589 5796 39 22 ne
4656 5792 109 27 trouva
4780 5790 71 38 plus

4113 5838 151 31 personne
4278 5830 79 32 dans
4372 5831 30 30 la
4417 5830 76 31 salle
4508 5830 69 32 d'en
4594 5831 69 31 bai.

4153 5875 85 31 Dam
4254 5875 30 30 la
4304 5875 263 35 «hambre,Maria
4584 5875 132 33 Aunes*
4733 5887 105 28 protae

4111 5919 76 35 nait,
4206 5919 69 39 plie
4287 5921 43 28 les
4346 5921 89 30 dents
4454 5922 126 28 serrées.
4613 5921 69 31 Etle
4695 5929 38 22 ne
4748 5930 90 28 regar-

4113 5962 64 31 dait
4193 5963 31 30 ni
4241 5972 34 21 sa
4287 5972 84 21 laear
4389 5963 167 30 Corea'iue
4597 5965 53 37 qoi
4665 5966 84 30 avait
4767 5969 87 33 porté

4110 6006 30 31 le
4154 6007 130 31 berceau
4298 6007 78 31 dans
4391 6015 43 22 un
4448 6008 91 37 angle
4553 6012 30 26 al
4606 6012 30 27 le
4648 6009 170 35 garnissait
4834 6012 18 28 à

4110 6051 30 30 la
4157 6051 71 31 hâte
4243 6051 38 31 de
4294 6059 56 24 son
4365 6051 185 31 nvAtemaut
4566 6051 38 31 de
4619 6052 103 38 piqué,
4741 6054 32 30 ni
4789 6064 64 20 une

4111 6094 104 31 vieille
4237 6094 112 31 femme
4383 6094 54 37 qui
4466 6094 135 30 dormait
4628 6097 19 28 à
4675 6097 115 34 moitié,
4808 6099 44 30 les

4111 6138 102 31 mains
4228 6138 144 31 étendues
4389 6146 52 22 sur
4453 6137 44 32 les
4512 6148 123 28 genoux
4649 6144 30 26 et
4691 6143 30 28 la
4733 6149 90 31 corps
4835 6144 19 28 à

4110 6182 83 31 demi
4208 6182 100 38 ployé,
4341 6190 60 22 une
4416 6182 143 32 habituée
4574 6184 38 30 de
4638 6193 50 21 oes
4702 6184 84 30 nuits
4815 6188 39 28 de

4109 6226 92 30 veitla
4215 6227 111 35 auprès
4342 6227 53 30 des
4410 6227 269 34 malades.Qaand
4695 6236 60 24 une
4774 6228 59 32 dou-

4109 6268 66 31 leur
4188 6268 31 31 la
4233 6269 132 37 prenait,
4383 6270 59 31 elle
4469 6272 161 32 s'arrêtait,
4662 6273 44 30 les
4720 6280 80 31 yeax
4832 6274 19 30 4

4109 6317 86 32 terra,
4214 6320 56 24 sun
4285 6313 106 38 visage
4407 6321 32 24 sa
4467 6317 193 33 contractait,
4680 6324 60 22 une
4754 6325 93 22 sueur

4109 6358 92 30 moite
4217 6357 43 31 lui
4274 6358 112 35 parlait
4402 6366 60 22 aux
4480 6364 117 33 tempes
4611 6367 11 22 :
4648 6359 79 31 mais
4739 6360 60 31 aile
4812 6369 39 24 ne

4108 6410 32 21 se
4156 6402 149 38 plaignait
4320 6410 66 31 pis,
4396 6406 40 32 et,
4447 6403 69 30 sitél
4532 6403 31 30 la
4577 6405 78 28 cris*
4670 6406 181 33 passée.ellt

4109 6446 152 37 reprenait
4276 6455 34 20 sa
4323 6448 125 30 marche
4460 6456 38 21 en
4507 6451 116 26 travers
4639 6449 37 28 de
4688 6449 30 28 la
4734 6449 85 39 pièce
4832 6451 18 28 à

4108 6491 90 35 peine
4211 6489 221 37 éclairée,dont
4446 6491 27 30 la
4488 6491 149 37 planoher
4655 6491 99 31 criait.

4648 6533 38 32 (A
4700 6533 109 32 »u»vr«)
