4996 6817
133 222 41 32 •ù
189 234 56 20 son
261 223 130 31 infidèle
405 233 181 27 compagne
599 230 46 26 est
670 235 99 22 venue
795 229 28 30 le
848 236 28 24 re-

136 268 125 26 trouver
278 273 73 21 IBDI
367 266 30 28 le
410 262 137 32 vouloir.

586 317 268 33 PLEUATUIT

175 356 184 30 Notariat.
428 356 46 30 M.
494 357 125 40 Roquet
634 363 45 26 eat
694 364 125 26 nommé
834 369 35 21 no-

130 396 78 30 taire
221 397 18 27 k
256 396 154 31 Pleurtuil
433 404 39 24 en
500 402 246 34 remplacement
775 400 38 31 de
841 398 47 31 M.

131 433 149 32 OUivier.

181 501 240 32 Bulletin
467 504 383 31 administratif

178 587 261 24 '-.NSEiKKKMKNT.
528 585 45 28 M.
605 583 144 37 Chemin,
769 587 99 37 profes-

129 627 73 24 seur
228 626 18 25 k
273 621 118 30 l'Ecole
423 626 144 27 normale
596 625 38 28 de
674 624 136 37 Rennei,
841 630 44 26 eat

131 663 128 27 nommé
286 661 182 37 professeur
496 665 19 26 à
544 663 117 31 l'Eoole
684 667 139 27 norma'a
847 665 38 31 de

128 698 171 32 Versailles
313 711 8 25 ;
341 700 45 30 M.
405 700 109 35 Colin,
533 704 176 35 professeur
730 706 15 27 i
769 704 116 32 l'Ecole

129 739 142 30 normale
286 741 39 30 de
341 741 151 34 ValeDtre,
509 745 46 26 eat
572 748 125 26 nommé
711 744 18 28 k
745 744 137 31 Renne*.

169 777 110 32 PONT®
586 796 37 7 —
639 783 45 28 M.
710 783 115 38 Joseph
841 783 43 32 Le

124 817 57 31 Ba.
201 841 6 12 ,
224 821 194 28 conducteur
439 824 38 26 de
493 823 21 26 4
541 829 99 24 caste
656 822 41 30 du
711 822 109 32 Maine
837 828 28 26 et

123 856 103 33 Loire,
241 863 46 25 est
304 861 126 28 attaché
446 869 40 21 au
503 863 117 28 aervioe
645 861 38 32 de
709 862 119 37 Redon,
842 872 38 22 en

122 899 249 34 retrpUsxmeot
386 900 38 30 de
443 900 33 31 M
507 900 215 39 Straaburger.

161 937 274 34 CONTRIBUTIONS
456 948 201 24 INDIRECTES.
736 941 46 30 M.
808 941 54 31 Cal-

122 985 47 21 me
187 983 54 28 tea,
260 985 52 22 aur
322 984 178 27 numéraire
529 981 79 30 daut
635 985 28 26 la
696 981 104 30 Haute
816 983 43 28 Ga-

122 1024 52 21 rée
190 1024 38 26 îe,
247 1023 45 22 eat
313 1023 129 27 nommé
462 1022 132 28 oommia
608 1023 18 26 k
658 1022 165 35 Fougères,
840 1030 38 21 en

120 1063 53 22 ren
190 1059 85 30 place
286 1063 85 26 ment
394 1061 37 30 de
448 1059 45 30 M.
508 1059 156 32 Dtrrière.
680 1063 110 37 appelé
807 1070 70 21 lOUI

119 1096 43 30 le*
181 1096 181 32 drac>aux.

163 1135 136 33 POSTES
321 1147 41 21 KT
383 1140 243 30 TÉLÉGRAPHES.
722 1141 46 28 M.
795 1141 63 30 Mar-

117 1174 91 33 zelie,
231 1187 275 27 suas-iospeeiear
534 1181 18 26 k
579 1179 135 34 E»renx,
730 1185 46 26 est
789 1188 65 22 nom-

119 1215 50 28 mé
358 1219 152 34 prinoipal
528 1220 18 27 k
563 1219 89 30 Saint
670 1219 123 31 Brieuc.

215 1281 250 46 Nouvelles
508 1284 273 57 judiciaires

118 1370 31 27 A.
176 1380 150 28 propea
350 1374 50 27 de
423 1374 41 28 la
489 1375 122 27 chute
634 1375 90 27 d'an
749 1376 124 27 lustre

273 1415 53 20 •a
346 1409 116 27 d'une
483 1413 237 31 suspension

164 1457 11 27 1
197 1466 37 21 ae
249 1459 148 30 locataire
433 1466 133 31 prenant
599 1461 177 35 poeaetsion
798 1461 72 32 d'un

122 1502 215 32 appartement
352 1505 117 28 trouve,
490 1500 106 33 planté
620 1500 77 31 dani
728 1500 28 31 le
784 1501 86 31 salon

123 1538 39 28 de
231 1539 77 28 ealle
320 1539 19 26 k
365 1546 141 28 manger,
534 1547 40 20 un
604 1539 86 37 piton
718 1540 120 32 deiliné
854 1541 17 28 k

123 1577 137 30 tonteriir
272 1585 59 21 une
341 1580 188 34 turpsneion
560 1578 26 31 II
602 1579 115 38 charge
730 1589 44 22 nn
789 1589 60 21 com-

122 1622 150 30 merçant,
285 1617 73 28 chez
374 1618 102 35 lequel
493 1618 22 27 il
535 1618 109 31 achète
658 1628 60 22 une
743 1628 113 30 eutpec

120 1657 79 32 aion,
222 1657 196 28 d'accrocher
436 1657 45 28 lui
501 1658 100 30 même
618 1658 76 31 celle
710 1658 27 30 ci
765 1668 40 21 au
822 1658 31 38 pi-

120 1700 53 25 tffa
196 1695 38 31 Je
248 1696 30 28 la
294 1696 77 31 aalie
385 1696 18 28 k
436 1704 138 31 manger.
601 1696 197 39 L'opération
824 1702 45 27 es)

116 1734 79 30 fftitn

162 1773 87 31 Deux
267 1774 78 28 mois
360 1775 103 35 sprài.
493 1775 207 37 précisément
725 1786 40 21 aa
802 1785 41 22 mi-

120 1819 86 24 ment
220 1814 43 28 du
278 1815 98 27 dîner,
393 1815 31 27 la
441 1815 190 33 «nepension
652 1815 103 31 tombe
770 1825 52 22 sur
839 1818 28 28 la

118 1853 63 28 tabi
216 1858 28 25 et
259 1861 91 21 cause
365 1853 81 31 ainii
463 1854 220 37 d'importants
698 1857 107 37 dégât*
830 1856 37 31 de

118 1893 64 27 vai«
194 1893 84 27 «aile.

161 1933 17 30 (,
193 1932 30 30 ai
236 1937 45 22 est
299 1932 200 38 responsable
510 1933 43 31 dn
568 1935 165 38 dommage
746 1938 92 27 oaocè
853 1935 14 31 7

117 1970 46 32 Le
180 1971 202 37 propriétaire
398 1971 37 31 de
450 1972 196 32 l'immeuble
659 1984 39 20 aa
728 1976 28 31 le
783 1984 63 21 com-

117 2015 141 31 merçant
273 2013 53 37 qui
341 2020 18 21 a
377 2014 72 35 poaé
468 2016 28 26 la
509 2014 214 39 sa*pension?

159 2052 18 27 S
188 2052 71 28 iiiie
274 2057 38 21 de
325 2052 28 30 la
370 2052 155 38 question,
541 2059 33 25 la
599 2055 130 30 sixième
756 2055 92 30 cham

117 2089 53 30 bre
183 2089 40 30 dn
240 2089 136 31 tribunal
392 2092 84 30 rient
544 2094 122 30 décider
683 2102 59 30 que
765 2100 64 24 tout
846 2095 17 27 à

117 2128 31 30 la
162 2130 60 30 foia
239 2131 27 28 le
281 2131 203 37 propriétaire
515 2133 39 31 de
581 2135 31 27 la
646 2141 122 22 maison
789 2138 28 27 et
835 2134 28 28 le

116 2173 211 32 commerçant
343 2170 54 37 qai
410 2179 18 19 a
443 2174 79 33 posé
536 2174 31 27 la
593 2173 184 38 suspension
795 2178 67 25 sont

115 2211 217 34 responsables
346 2212 38 26 de
396 2209 181 34 l'acoident.
592 2212 93 30 Aussi
702 2218 69 25 tous
787 2213 80 30 deux

116 2250 109 28 ont-il*
241 2250 46 28 été
301 2250 195 31 oondam'jes
514 2252 234 31 solidairement
758 2254 18 28 à
787 2252 79 31 deux

113 2293 87 25 cents
215 2288 104 30 francs
335 2289 38 31 de
392 2289 335 41 dammagei-intéréli
756 2301 109 22 envers

115 2328 28 28 le
158 2328 161 31 looataire.

352 2381 279 28 L'infaatlslde

156 2415 44 30 La
214 2415 209 34 oommiisio'j
438 2422 38 27 rte
504 2420 176 35 législation
693 2420 174 31 criminelle

113 2454 86 32 vient
215 2454 213 38 d'approuver
443 2460 27 28 le
487 2460 96 37 projet
602 2460 137 31 relevant
754 2460 43 28 dn
813 2460 37 30 Sé-

113 2499 56 25 nat
182 2496 51 37 qai
249 2503 122 28 permet
386 2499 169 31 d'abaisser
578 2500 43 30 les
646 2500 104 35 peines
767 2499 84 38 appli-

112 2533 104 31 cables
234 2536 17 27 à
266 2535 223 34 l'in'.Biaticide.

156 2572 25 31 Il
198 2575 112 28 résulte
333 2580 39 28 de
398 2587 32 21 ee
452 2578 97 38 projet
574 2587 59 28 que
660 2578 207 32 l'infanticide

113 2621 115 28 pourra
241 2614 178 34 désormais
435 2619 61 31 être
511 2617 128 39 qaalifii
666 2619 38 31 de
733 2623 133 26 meurtre

113 2661 40 21 ou
169 2661 102 21 ats&ss
280 2662 78 25 mat.

154 2691 46 31 La
213 2701 28 20 m
254 2705 48 21 ete
326 2696 52 38 qai
404 2706 76 21 aura
503 2698 131 30 oommii
661 2696 206 32 l'infanticide

115 2740 77 21 avec
209 2741 17 26 p
235 2738 220 30 réméditation
470 2746 67 21 sera
562 2737 135 38 patiible
724 2738 53 30 dea
808 2741 45 26 tra-

113 2780 74 21 'ai'
215 2776 100 31 forcés
332 2780 17 26 à
363 2777 169 35 perpétuité
550 2786 41 20 aa
613 2778 61 28 liea
702 2778 37 28 de
775 2780 89 31 mort,

112 2818 31 22 et
157 2813 81 32 o'/lle
254 2816 53 37 qui
324 2825 38 20 se
377 2825 31 20 se
424 2825 66 21 sera
507 2818 115 28 rendue
644 2817 150 35 ooupable
809 2825 58 30 que

116 2851 39 31 Ae
170 2859 138 26 tr.eurire
325 2857 112 38 simple
450 2865 67 22 sera
541 2857 94 37 punie
661 2858 52 30 des
738 2861 129 26 travaux

113 2891 63 32 lorr
188 2901 31 24 fti
235 2898 17 26 à
267 2900 112 33 temps.

227 2948 71 26 Les
318 2948 129 33 slfges
462 2949 69 26 dea
544 2948 219 26 vendeuses

162 2992 144 31 L'article
387 2995 37 28 de
441 2995 30 27 la
496 2994 41 28 loi
567 2994 41 27 du
634 2992 39 30 29
709 2993 159 28 décembre

215 3041 83 27 porte
312 3041 59 28 que
398 3041 14 19 «
441 3034 43 28 les
513 3034 170 35 magasins,
703 3034 163 35 boutiques

119 3076 30 25 et
164 3074 102 27 antres
292 3074 109 27 locaux
428 3080 35 22 en
488 3073 177 37 dépendant
704 3073 78 28 dans
811 3073 43 28 les

117 3119 63 27 que
184 3112 4 35 1
196 3132 11 7 .
234 3112 50 28 de»
317 3112 234 30 marchandises
578 3117 28 22 et
640 3112 97 35 objets
763 3112 104 28 divers

118 3157 71 24 «on:
209 3152 270 30 manutentionné*
496 3159 39 21 on
561 3151 105 31 offerts
696 3159 39 20 an
764 3151 106 37 public

119 3197 57 32 par
201 3200 41 20 un
273 3193 161 34 personnel
463 3191 142 32 féminin,
641 3191 128 30 devront
795 3191 72 32 éire,

117 3230 80 28 dan:
215 3231 118 35 chaque
348 3231 89 31 salle,
452 3230 105 31 muni«
587 3230 76 30 d'un
686 3230 129 31 nombre
830 3231 37 28 de

118 3269 64 38 sièp
189 3280 12 9 n
206 3279 13 20 i
234 3273 66 34 égal
315 3273 18 26 à
348 3270 79 32 celui
456 3270 53 31 de*
531 3270 129 32 femmes
686 3270 52 37 qui
767 3279 21 30 y
803 3275 67 25 sont

119 3317 61 27 emi
209 3314 89 33 oyée»
315 3318 26 21 »,

159 3348 24 32 C
209 3356 117 25 mment
340 3350 142 31 fallait-il
498 3350 148 31 entendre
672 3358 50 22 ces
737 3350 117 35 disposi-

119 3390 64 30 tion
206 3412 7 13 ,
239 3391 123 37 lorsque
389 3392 43 27 les
459 3399 158 27 magasins
648 3396 70 24 sont
743 3391 125 28 assortis

119 3430 60 28 d'ét
207 3435 79 31 tige*
305 3439 51 20 sur
372 3431 41 30 les
430 3432 133 28 trottoirs
601 3429 38 31 où
657 3431 30 28 la
713 3433 89 27 vente
827 3432 44 28 est

117 3469 59 30 eflp
201 3475 66 24 'née
281 3468 18 30 ?

162 3509 19 30 1
194 3519 28 19 m
239 3510 98 38 sièges
352 3519 38 22 en
405 3510 129 31 nombre
560 3510 67 38 Pgal
659 3511 17 28 à
703 3509 80 31 aelui
814 3510 52 28 des

122 3549 57 28 feu
190 3557 63 21 Jiei
267 3552 177 35 employée»
458 3552 18 27 à
493 3559 50 21 on
555 3555 104 26 ventes
674 3549 197 31 devaient-ils

119 3589 58 28 êirt
200 3591 83 28 eussi
301 3595 103 31 psces
422 3598 51 21 iar
490 3592 43 27 les
548 3591 137 28 trottoir»
713 3598 122 21 ctmtre
855 3591 18 28 à

120 3627 187 38 J'ir'érieor,
320 3630 77 30 dans
415 3631 43 27 le»
475 3631 93 28 salles
581 3627 15 27 ?

163 3669 80 28 Snsi
261 3670 39 28 de
325 3670 253 30 contraventions
606 3669 137 30 dressées
770 3672 102 26 contre

119 3716 45 21 un
184 3709 170 28 marchand
372 3710 146 35 lyonnais
535 3709 52 35 qui
611 3709 81 28 avait
718 3717 53 20 cru
798 3718 59 27 pou

124 3746 61 30 ▼«il
206 3756 32 20 se
254 3750 163 33 dispenser
444 3750 35 27 de
509 3750 145 34 proeéder
685 3748 79 28 ainsi
793 3757 77 26 poar

123 3795 50 21 ses
203 3788 170 30 vendeuses
402 3789 189 34 étalagistes.
612 3789 28 28 le
667 3787 137 31 tribonal
836 3788 37 30 de

123 3828 117 34 •impie
256 3828 99 37 poiice
380 3828 84 28 avait
488 3829 74 35 jugé
587 3835 60 28 qce
673 3831 30 24 la
731 3828 40 28 Ici
801 3828 72 30 6tait

122 3867 214 38 inapplicable
372 3868 79 30 dans
488 3875 34 22 ce
548 3875 63 25 cas,
640 3867 164 38 paiiqo'on
835 3876 39 21 ne

120 3907 141 35 pouvait,
279 3907 93 28 diiail
387 3914 39 22 en
451 3911 168 27 suftstance
646 3907 28 31 le
699 3907 168 38 jugement,

124 3946 177 30 coni'dérer
319 3948 27 28 le
361 3947 122 28 trottoir
569 3948 31 27 la
627 3947 70 30 vaie
724 3947 149 38 publique

177 3985 32 31 ni
224 3994 122 21 «omme
359 3993 63 22 une
437 3986 89 34 «aile,
546 3986 32 31 ri
594 3994 122 21 comme
735 3994 43 22 un
793 3989 80 27 local

124 4024 177 39 dépendant
317 4024 43 32 du
378 4025 155 38 magaiin,
559 4031 28 26 et
614 4033 59 30 que
704 4026 44 30 les
777 4028 97 35 sièges

120 4064 148 31 n'étvent
288 4065 137 37 imposes
455 4075 61 27 que
543 4074 78 28 pour
648 4067 44 30 les
720 4067 93 30 salles
842 4071 28 25 et

122 4109 103 25 autrer
239 4113 17 18 «
273 4106 111 28 locaux
399 4113 27 22 ».
445 4104 26 30 Il
489 4106 96 34 avait,
600 4113 38 22 en
651 4107 221 34 conséquenoe,

120 4148 150 26 acquitté.

164 4183 60 30 Sar
255 4183 129 37 pourvoi
411 4182 41 31 du
483 4183 171 30 ministère
690 4183 116 37 public,
843 4185 31 28 la

124 4222 161 31 Cha-übre
312 4224 176 28 criminelle
511 4224 37 28 de
572 4224 30 28 la
631 4222 84 30 Cour
742 4224 37 30 de
809 4232 51 20 oas

123 4270 99 22 salua
240 4272 18 19 a
276 4266 44 26 été
347 4265 129 34 appelée
501 4265 18 26 à
549 4264 143 28 trancher
720 4264 31 28 la
782 4272 74 27 ques

124 4302 79 31 lion.

164 4341 71 32 Elle
249 4350 19 20 a
282 4344 71 34 jugé
371 4350 59 30 que
444 4343 44 27 lai
498 4343 142 35 étalagés
666 4342 71 30 laits
763 4350 53 21 sur
843 4343 31 27 la

126 4382 67 28 voir
213 4382 136 37 pubque
365 4383 222 28 transforment
604 4389 54 28 par
683 4383 66 27 oela
774 4383 100 28 même

125 4422 58 30 celi
194 4429 12 20 i
223 4422 27 27 ci
268 4429 38 21 en
322 4429 60 22 une
403 4428 79 22 sorte
509 4421 38 30 de
575 4422 235 35 prolongement
837 4430 39 20 ou

124 4461 39 30 de
188 4461 191 34 dépendance
392 4461 40 30 do
450 4461 144 35 magarin
609 4468 40 21 ou
666 4461 38 28 de
719 4461 31 28 la
777 4461 84 30 kouti

124 4508 59 28 que
200 4505 28 26 et
242 4509 18 19 a
274 4501 87 28 oasii
378 4502 27 26 le
417 4500 158 37 jugement
589 4500 54 38 qui
659 4500 46 28 loi
720 4500 74 28 était
822 4500 38 31 dé

125 4541 60 28 lért
216 4547 78 30 pour
309 4539 120 31 n'aveir
456 4548 53 30 pas
533 4539 56 30 lait
620 4539 194 38 application
840 4540 37 31 de

125 4580 32 28 la
172 4578 39 30 lai
229 4585 39 20 an
282 4578 170 31 marchand
471 4578 157 35 lyonnais.

159 4904 6 12 .
177 4889 47 30 De
236 4897 58 21 nos
305 4887 542 43 cAH-i-espoivianlsparticuliers)

131 4683 360 159 Chipe
535 4683 338 159 régionale

314 4976 383 39 MORBIHAN

163 5061 184 33 DEFENSE
379 5065 76 30 DES
488 5063 136 31 COTES.
653 5079 32 6 -
717 5065 53 30 Cas
802 5066 78 34 Jours

129 5102 138 32 dertlera,
296 5109 57 19 une
385 5101 123 26 réunion
541 5100 226 28 extraordinaire
795 5108 15 19 a
837 5102 44 25 été

130 5141 84 24 tenue
229 5138 18 26 à
263 5137 118 28 Lorient
396 5139 15 24 à
428 5138 141 25 l'amenai,
587 5144 65 18 «oui
671 5137 27 27 la
718 5135 163 33 présidence

131 5173 35 26 do
195 5172 220 26 eontre-amiral
444 5171 96 27 Rivet,
573 5171 91 33 major
691 5172 112 32 général
821 5179 7 22 ;
855 5172 26 26 le

131 5209 143 26 directenr
299 5211 33 21 3e
359 5206 161 27 l'artillerie
535 5207 14 25 i
567 5205 92 31 Brest,
678 5206 26 26 le
718 5206 111 27 colonel
843 5206 38 27 du

131 5244 83 33 génie
239 5244 34 25 de
294 5242 122 28 Nantes,
432 5242 27 27 le
484 5242 142 26 dlrooteor
653 5242 32 25 de
713 5242 28 26 la
769 5242 113 26 défense

131 5276 196 28 ■oop-mariae
351 5282 27 21 et
399 5277 40 25 les
455 5276 137 27 autorités
608 5276 155 27 militaires
777 5276 34 27 de
827 5276 38 27 Lo-

131 5314 76 26 rlect
222 5311 167 28 assistaient
404 5313 15 25 à
431 5315 72 22 oMte
516 5311 120 26 réunion
653 5310 50 35 qui
718 5311 80 27 avait
811 5319 70 27 pour

133 5349 50 24 but
198 5348 28 25 la
240 5348 113 25 défense
367 5347 48 26 des
431 5349 74 24 côtes
526 5346 161 27 bretonnes.

167 5382 76 32 Cinq
273 5382 106 34 grandi
407 5382 70 26 iorii
503 5385 67 24 vont
600 5383 56 24 être
684 5382 154 26 construits
867 5385 15 25 fc

132 5418 83 28 Belle
228 5418 48 30 lie,
294 5419 17 25 fc
331 5417 146 31 Quiberon
493 5419 27 24 et
535 5418 71 26 dans
621 5417 60 27 l'lle
696 5418 34 26 de
745 5415 99 30 Groix.

292 5486 107 34 XJn
456 5486 220 34 Crime
686 5485 39 35 ?

133 5564 56 26 Av
214 5562 131 26 Pelais
359 5561 128 33 (Belle
504 5562 58 25 11*
580 5568 51 20 ea
648 5562 146 32 Hrr).—
808 5562 74 26 Sur

209 5606 54 18 a*
279 5597 156 26 rocker.
498 5596 58 26 Où
573 5600 61 24 est
653 5597 159 26 l'autre!

170 5668 80 28 Datas
267 5668 28 28 la
311 5667 67 28 nuit
400 5668 32 26 de
458 5667 96 27 mardi
582 5668 17 24 V
633 5667 148 30 mercredi,
810 5667 72 27 deux

137 5705 112 27 marins
265 5704 37 26 du
334 5702 204 27 Petii-Pierre.
572 5702 112 27 dundre
706 5704 115 26 attaché
847 5711 35 19 au

137 5744 61 30 port
215 5741 33 24 de
263 5738 99 28 Palais
389 5743 27 21 et
432 5738 110 26 faisant
555 5738 28 26 la
601 5739 85 30 jêuhe
715 5746 37 17 au
771 5739 111 31 obalot,

137 5776 159 26 rentraient
312 5773 224 34 complètement
566 5773 76 26 ivres
670 5778 17 22 a
715 5774 61 26 leur
804 5773 77 32 bord,

137 5811 109 24 venait
260 5809 33 26 de
307 5809 72 26 foire
393 5809 28 26 la
435 5807 135 27 cotriade.

172 5845 40 27 Ils
227 5852 30 18 se
272 5844 109 34 prirent
396 5843 33 26 d>-
445 5843 124 34 querelle
585 5843 72 26 dan*
683 5843 25 26 le
737 5845 81 24 oanot
834 5842 48 37 qui

139 5881 39 26 les
208 5878 146 28 onduisait
370 5882 27 22 et
417 5880 145 33 paa.èr»n»
580 5881 100 26 auprès
710 5878 37 26 du
775 5880 109 25 dundee

139 5915 123 28 motillé
275 5916 15 25 fc
302 5913 123 37 quelqur
443 5916 132 22 divtarct
605 5921 65 18 «ans
699 5913 185 33 l'apercevoir

138 5956 28 21 et
178 5959 6 18 i
198 5957 40 20 >ur
256 5955 81 22 canot
354 5949 84 27 sortit
452 5950 39 25 du
509 5956 7 24 )
527 5955 53 19 orr.
596 5949 64 30 Que
680 5956 30 19 se
738 5956 83 27 pasra
837 5948 47 28 lil

138 5987 77 28 al«-s
227 5983 17 27 ?

174 6019 125 30 Yatil
315 6027 35 19 en
365 6018 131 28 aooldent
539 6018 26 26 Y
593 6018 80 26 a-t-il
709 6026 33 19 eu
771 6018 116 28 erime?

139 6057 41 27 To
202 6057 79 33 joura
295 6054 81 27 est-il
403 6061 54 26 que
482 6054 26 26 le
536 6053 165 27 lendemain
732 6054 91 26 matin
849 6063 35 18 on

141 6091 145 27 r'oueill?t
300 6097 40 19 un
357 6089 46 26 des
419 6089 111 26 marin»
546 6096 50 19 sur
608 6096 39 19 un
665 6090 98 25 roeber
778 6091 60 31 pris
854 6089 34 26 de

143 6128 152 26 Ramontt.
312 6123 58 28 Son
386 6131 177 26 oompagnoo
581 6124 79 26 avait
674 6125 129 30 disparu,
819 6126 28 25 et
862 6124 26 26 le

143 6165 84 22 carot
241 6161 84 26 allait
339 6161 17 26 fc
371 6159 28 27 le
412 6159 98 26 dérivé
539 6158 39 27 L«
592 6158 152 26 »urv(vant
761 6159 80 26 avait
857 6161 28 25 la

145 6198 86 33 figure
246 6200 61 22 tout
321 6202 34 19 ea
370 6202 71 24 sang
455 6200 27 20 et
497 6201 28 19 se
542 6195 141 33 plaignait
700 6195 107 25 l'aviir
823 6202 64 25 reçu

145 6235 46 24 des
207 6239 86 25 coups
308 6230 33 26 de
365 6234 63 22 oout
445 6237 46 18 ao.
510 6229 76 26 Mai»
617 6237 40 15 >e»
689 6230 137 25 blenares
855 6239 33 18 ne

145 6267 143 26 ceablent
304 6272 50 27 pas
367 6265 39 26 du
425 6268 61 22 tout
517 6265 133 33 provenir
670 6265 33 26 de
719 6272 85 26 coups
821 6265 66 26 d'un

145 6304 180 24 in*'<ument
339 6300 167 26 tranchant.

182 6337 64 27 Lue
262 6335 122 34 enquête
397 6337 41 25 est
465 6337 116 25 ouverte
608 6340 37 20 au
673 6334 216 28 oommissariat

145 6373 34 26 de
195 6374 28 25 la
236 6371 123 28 marine.

654 6431 236 35 (ulbereDl

181 6472 57 30 UN
262 6465 190 37 PftCHEUR
481 6471 102 30 SANS
620 6472 26 28 G
673 6471 57 28 NE
769 6485 31 7 -
839 6471 52 30 Ces

145 6513 94 32 teiup»
254 6513 136 24 derme»,
406 6517 17 18 a
438 6516 56 19 une
510 6513 85 22 brt>re
618 6513 37 22 du
686 6508 104 31 matin,
817 6508 73 26 deux

151 6547 135 31 pêcbevve
313 6543 204 28 demandaient
546 6546 17 26 fc
594 6544 74 27 boire
696 6552 37 20 au
748 6543 97 28 oasino
860 6543 33 27 de

950 211 155 30 ÇaiberoH.
1122 220 64 19 soo»
1202 220 83 27 peine
1309 214 86 26 d'an*
1408 213 79 27 volé#
1500 214 34 26 de
1547 220 87 28 oompi
1659 215 33 26 de

948 247 61 27 boit
1024 250 63 24 vert
1101 254 35 20 au
1150 255 103 26 garçon
1269 249 28 25 et
1309 254 34 20 au
1362 252 109 30 patron.

984 281 146 27 Prévenue
1142 283 129 27 anaailôt.
1289 282 28 28 IB
1330 282 197 35 gendarmerie
1543 282 96 28 arriva
1655 289 37 21 an

945 318 85 33 galop
1045 320 26 24 >1
1087 325 30 20 m
1130 319 56 27 mit
1207 325 37 20 «a
1258 318 98 26 devoir
1382 318 133 27 d'arrêter
1545 326 47 18 nos
1617 320 72 25 denx

945 356 149 31 tapageura
1109 360 7 24 ;
1134 352 74 28 mail
1222 352 61 27 l'an
1297 352 96 34 d'eux,
1408 352 39 28 Le
1461 352 66 32 Gai,
1544 352 51 32 qui
1610 354 64 26 n'en-

945 387 111 27 tendaft
1072 394 50 27 pai
1134 387 76 28 aimi
1226 389 39 26 le»
1280 387 97 27 ahoiei
1407 387 86 30 traita
1506 386 27 28 le
1548 386 142 34 brigadier

945 422 33 28 de
993 430 91 26 voyoi
1100 428 28 22 et
1141 423 33 27 de
1187 423 234 34 or*ve-de-faim,
1449 422 118 30 arracha
1590 423 40 27 lee
1644 424 31 27 al-

943 457 145 34 gaillettee
1102 458 34 27 de
1150 458 59 26 l'on
1226 457 47 28 dee
1287 457 107 35 gendar
1408 467 58 18 DM.
1483 461 37 25 et.
1551 464 57 20 une
1633 458 56 28 lois

944 500 35 20 an
993 494 109 31 violon,
1121 493 118 28 démolit
1253 494 26 27 le
1293 494 129 34 plafond.
1452 493 64 30 Cité
1541 494 18 28 4
1571 500 98 27 compa-

943 529 86 25 raître
1043 535 71 27 pour
1128 535 44 20 oea
1186 528 130 34 glorieux
1330 529 124 33 exploita
1469 528 106 27 devant
1590 528 27 26 le
1631 529 43 27 tri-

944 562 86 28 banal
1049 563 33 26 de
1098 563 126 28 Lorient.
1240 563 24 27 il
1289 562 97 30 oublie
1400 565 34 27 de
1447 573 30 19 ae
1502 565 144 33 prétenter
1658 566 30 27 et

940 600 111 33 attrape
1068 598 32 28 10
1111 600 77 33 joura
1204 599 34 27 de
1252 599 97 34 priton
1370 601 27 26 et
1410 600 18 26 5
1441 600 35 26 fr.
1491 598 158 28 d'amende.

1428 641 217 33 Plavlgaer

976 677 52 27 UN
1042 672 327 33 DÉRAILLEMENT.
1385 691 33 7 -
1619 678 48 26 der-

939 711 72 33 nier,
1029 720 64 20 vera
1107 713 15 26 5
1142 715 26 25 k.
1187 712 32 26 3:
1237 716 35 24 du
1299 713 67 32 aoir,
1382 720 41 21 un
1439 713 77 28 train
1545 712 33 27 de
1606 719 58 20 mar-

939 746 161 32 ohanditet,
1119 750 74 32 parti
1208 749 34 27 de
1258 749 130 35 Poativy
1402 757 18 20 a
1434 749 118 28 déraillé
1569 750 61 33 prèa
1645 749 35 27 de

938 783 28 27 la
979 791 67 25 gare
1059 784 34 26 de
1109 783 171 37 Pluvigaer.

974 817 81 30 Deux
1071 827 115 27 wagoaa
1201 822 65 26 aent
1280 821 86 27 reitéa
1381 828 34 19 en
1431 828 104 25 panne,
1546 820 18 27 k
1578 817 32 28 10
1625 820 44 26 ntè-

937 854 58 27 traa
1010 862 33 19 en
1059 857 105 24 arrière
1179 855 33 27 de
1226 855 28 27 la
1267 862 73 26 gare,
1356 854 98 28 tandia
1472 862 53 26 que
1540 855 40 26 let
1610 854 66 27 oioa

938 895 34 20 on
990 889 44 27 rii
1050 894 93 24 aalret
1157 894 64 24 aont
1235 891 70 27 allée
1320 889 133 28 dérailler
1467 891 18 27 i
1495 889 120 27 environ
1632 887 50 28 100

937 926 102 26 mitres
1055 926 64 33 plue
1134 926 60 27 loin
1224 925 46 28 Un
1285 927 64 25 tme
1371 925 103 34 chargé
1488 925 34 27 de
1551 932 130 27 pommee

934 960 18 26 k
966 960 86 33 eldre,
1069 967 17 20 a
1098 963 43 25 été
1155 961 223 32 oomplètement
1394 960 141 32 renversé,
1560 960 41 26 lea
1628 965 35 21 au-

934 997 56 25 trea
1005 1003 116 26 w»gon«
1136 998 64 25 tont
1226 998 84 24 reatéi
1338 996 122 26 oouohéa
1487 1003 48 20 aur
1566 996 26 27 le
1619 997 63 26 côté

935 1030 73 27 maia
1026 1031 185 26 encombrant
1227 1031 40 26 lea
1283 1030 73 27 denx
1372 1031 87 31 voiea,
1474 1030 34 27 de
1537 1032 73 25 aorte
1623 1037 56 26 que

932 1064 57 27 l'on
1005 1065 44 27 fat
1062 1065 94 34 obligé
1169 1067 35 26 de
1219 1064 155 28 demander
1391 1067 17 26 k
1421 1064 112 35 Auray,
1545 1072 41 19 un
1602 1065 76 27 train

933 1100 33 27 de
980 1108 110 20 aeooura
1106 1109 72 26 poar
1192 1102 83 26 venir
1290 1100 120 35 prendre
1427 1102 17 26 i
1457 1100 158 35 Plnvigeer
1638 1102 40 26 lea

932 1142 157 27 ▼oyageura
1119 1137 38 26 du
1189 1136 77 28 train
1300 1139 107 25 venant
1441 1135 33 28 de
1506 1135 130 35 Pontivy
1662 1136 18 27 k

932 1168 19 27 7
965 1172 28 25 b.
1010 1172 44 25 20.

969 1205 89 28 Grâce
1071 1207 17 26 k
1102 1207 28 26 la
1144 1207 120 33 parfaite
1279 1206 194 34 organiaation
1492 1206 47 27 dea
1554 1213 120 25 recoure,

932 1247 30 19 ce
996 1241 74 27 train
1101 1243 46 27 n'a
1179 1241 65 28 aubi
1269 1243 87 33 qu'un
1382 1240 93 28 retard
1499 1240 34 27 de
1557 1239 17 37 J
1591 1239 17 37 0
1625 1239 33 37 mi-

932 1278 91 24 nutée.

965 1310 236 34 Heareuaemeat,
1217 1311 22 27 il
1256 1311 50 34 n'y
1319 1318 17 20 a
1352 1318 50 26 paa
1416 1318 35 19 eu
1467 1310 159 27 d'aceidcut
1643 1311 34 26 de

930 1349 171 31 peraonact.l

1442 1380 196 33 lagulnle!

965 1409 158 35 BRÛLÉE
1150 1415 106 28 VIVE.
1273 1428 32 7 -
1330 1415 65 28 Une
1420 1416 102 27 fillette
1550 1417 65 33 âgée
1642 1415 34 28 de

927 1449 17 27 5
958 1452 17 26 k
989 1449 15 26 0
1019 1459 63 25 «ni,
1101 1454 130 25 nommés
1254 1450 39 28 Le
1319 1449 102 37 Pipe?,
1435 1452 38 26 du
1488 1449 184 34 KerascouSt,

926 1493 35 20 ta
992 1487 158 33 Inguiniel,
1168 1487 111 34 gardait
1305 1494 40 19 un
1370 1488 136 33 troupeau
1521 1487 35 26 de
1570 1487 104 27 vachet

927 1528 48 20 tur
991 1522 26 26 la
1032 1522 85 27 lande
1143 1521 122 30 Comme
1291 1521 27 28 le
1346 1520 74 30 froid
1448 1521 71 28 était
1544 1522 54 26 très
1618 1521 53 31 vif,

926 1557 56 27 elle
994 1557 113 28 alluma
1131 1565 39 20 un
1200 1558 46 27 feu
1272 1564 71 21 avec
1356 1557 48 28 dm
1420 1557 99 28 faerbea
1534 1558 97 26 aêchea
1645 1559 28 25 et

926 1591 38 27 du
989 1591 60 28 boia
1074 1594 83 26 mort.
1173 1591 295 30 Malheureusement,
1486 1592 40 27 lea
1541 1591 131 28 flammea

925 1635 28 19 se
981 1628 270 34 communiquèrent
1280 1630 17 25 k
1323 1636 43 19 aea
1389 1628 171 30 vêtements,
1589 1630 26 24 et
1644 1628 28 27 la

927 1669 105 26 pauvre
1061 1662 100 27 lUette
1189 1670 35 19 ne
1248 1663 80 27 tarda
1352 1670 50 26 pas
1426 1663 17 26 k
1466 1663 112 33 expirer
1600 1662 72 27 dans

925 1696 133 28 d'atroces
1074 1697 181 28 toufirasees.

1388 1730 250 28 Hrnarkoat

960 1766 56 28 UN
1030 1766 198 28 AMATEUR
1244 1766 52 28 DE
1307 1765 51 30 LA
1370 1765 161 30 PRISON.
1546 1780 30 5 -
1587 1766 83 30 Jean-

925 1800 92 28 Marie
1032 1802 96 33 Rogel.
1147 1800 33 28 43
1195 1808 64 25 ans,
1274 1801 122 31 usinier,
1419 1802 61 33 qai.
1501 1801 27 27 le
1552 1802 63 32 jour
1638 1802 33 26 de

926 1837 26 26 fa
970 1844 80 26 paya,
1076 1838 79 33 après
1185 1837 80 27 avoir
1293 1837 56 27 filé
1376 1838 30 27 Ja
1428 1837 66 27 «lira
1522 1835 146 34 bontaille,

924 1873 110 26 aaaiail
1049 1872 35 26 dn
1106 1872 133 27 scandale
1254 1872 71 27 daas
1342 1872 27 27 la
1394 1879 60 24 ma,
1467 1872 46 27 fat
1541 1872 63 34 logé
1632 1880 37 19 aa

925 1906 94 27 violon
1038 1907 171 33 municipal,
1226 1906 37 27 où
1280 1907 24 27 li
1320 1913 81 28 pana
1416 1907 28 27 la
1474 1906 74 27 naît.
1579 1906 73 28 Pour-

924 1942 87 30 suivi.
1028 1942 22 28 Il
1065 1951 19 26 7
1101 1950 15 20 a
1131 1943 123 35 qaelqaa
1269 1945 106 32 temps,
1398 1949 52 30 par
1480 1943 26 27 la
1526 1941 144 31 Tribunal

925 1977 31 27 de
972 1978 104 32 «impie
1091 1978 92 33 poliaa
1200 1984 69 27 pour
1283 1977 107 27 Imm
1415 1980 27 26 al
1472 1978 100 33 tapage
1603 1985 50 19 noc-

926 2016 90 26 turne,
1032 2013 24 28 il
1071 2013 142 28 demanda
1227 2020 37 21 an
1278 2011 66 37 juge
1358 2014 34 26 de
1407 2013 27 27 le
1454 2013 177 28 oondamner
1654 2015 17 26 k

924 2048 28 27 la
966 2048 107 34 prlaoa,
1091 2048 97 27 diiant
1204 2049 72 33 qu'il
1291 2047 96 28 «'était
1407 2047 67 30 bien
1491 2049 94 33 reposé
1598 2049 71 26 daaa

924 2083 28 25 la
967 2082 96 34 priron
1080 2082 130 28 urbaine.
1227 2082 45 27 On
1289 2083 103 26 aoréda
1403 2086 14 22 t
1435 2091 50 19 ion
1500 2082 77 27 désir
1591 2086 27 25 et
1632 2092 37 19 on

922 2118 43 27 lni
980 2119 117 34 infligea
1111 2119 70 27 trois
1195 2119 78 34 jours
1291 2121 27 24 et
1332 2118 18 26 5
1362 2119 96 27 francs
1473 2118 161 28 d'amende.

959 2152 86 30 Mais,
1063 2160 31 20 sa
1109 2154 83 32 peine
1206 2154 131 30 aohevée,
1359 2154 24 26 il
1404 2154 168 33 «'ennuyait
1604 2154 66 26 hors

921 2187 33 26 de
970 2189 28 26 la
1013 2187 106 34 prison,
1135 2191 27 25 et
1176 2189 22 26 il
1215 2191 41 24 est
1272 2196 77 20 venu
1364 2197 30 18 se
1419 2190 144 32 présenter
1591 2190 17 26 k
1637 2191 28 26 la

921 2223 112 28 maison
1050 2224 103 28 d'arrêt
1167 2224 33 26 de
1214 2223 129 33 Loriant.
1370 2223 97 35 priant
1495 2223 27 28 la
1547 2224 120 34 gardien

922 2259 65 26 obef
1000 2258 34 27 de
1049 2258 144 27 l'éorouer.

1475 2293 159 31 Lorient

958 2328 81 28 UNE
1071 2329 67 32 QUI
1178 2328 176 28 PROMET.
1389 2342 32 6 -
1453 2328 110 28 Jeanne
1577 2329 92 27 Marie

924 2363 113 30 RoooJo.
1055 2365 33 27 de
1102 2363 118 28 Loriant
1246 2365 47 27 n'a
1306 2372 56 27 que
1378 2362 32 28 13
1436 2372 64 25 ans,
1515 2365 76 28 mais
1616 2366 53 27 alla

924 2400 54 27 fait
1004 2400 63 34 déjà
1095 2400 46 27 des
1156 2399 115 30 siennes
1281 2407 7 24 ;
1311 2402 99 32 depuis
1427 2400 172 34 longtemps,
1616 2401 53 27 alla

924 2434 92 34 quitte
1044 2438 28 25 la
1101 2434 66 27 nuit
1194 2434 30 27 la
1246 2434 112 27 maison
1376 2434 165 34 paternelle,
1563 2435 106 34 injuria

922 2478 43 18 ses
996 2473 113 30 parents
1137 2473 27 24 et
1193 2470 48 28 bat
1269 2478 31 19 sa
1329 2471 85 26 mère.
1430 2469 40 30 La
1483 2470 131 30 tribunal
1637 2471 32 28 de

924 2505 126 33 Lorient,
1067 2505 106 27 devant
1200 2505 93 34 lequel
1320 2505 53 27 aile,
1389 2505 83 27 vient
1495 2505 33 27 de
1552 2512 98 28 compa-

922 2543 94 28 rtitre,
1035 2541 120 27 l'envoie
1176 2541 71 27 dans
1264 2548 56 20 une
1337 2539 111 28 maison
1463 2539 33 27 de
1512 2545 156 25 oorreotlon

921 2576 115 34 jusqu'à
1050 2574 33 28 20
1101 2583 63 21 ans.

1041 2674 513 41 COTES-DU-NORD

1435 2745 13 22 ■
1461 2741 174 26 amballe

960 2778 207 30 RESULTAT
1182 2778 338 28 D'ADJUDICATION.
1537 2791 32 7 -
1585 2777 39 30 Le
1641 2778 30 27 12

925 2823 48 18 coo
981 2820 61 21 ram
1070 2823 65 19 aen
1160 2813 58 27 lieu
1233 2813 217 34 l'adjudication
1474 2813 46 26 des
1547 2816 123 25 travaux

925 2858 71 27 pour
1011 2850 202 27 l'installation
1232 2849 71 28 dans
1318 2851 26 26 le
1358 2849 144 28 bâtiment
1526 2849 47 27 des
1589 2848 66 30 vieil-

926 2885 86 32 lards,
1029 2884 34 27 de
1076 2885 86 27 salles
1179 2891 69 26 pour
1261 2884 40 27 les
1317 2884 170 34 oonugiecx
1514 2888 27 24 et
1563 2884 91 26 d'amé-

926 2923 152 32 nagement
1094 2921 47 26 des
1157 2921 100 27 locaux
1271 2920 38 28 du
1318 2920 91 35 grand
1423 2920 152 28 bâtiment.
1586 2919 84 28 Voici

925 2956 40 27 les
980 2956 135 26 résultats
1131 2962 8 20 :

1011 2995 51 26 lot.
1078 2991 135 27 Terrasse
1227 2992 28 26 et
1271 2989 191 34 maçonnerie,
1492 2989 53 27 830
1558 2991 37 27 fr.
1623 2989 33 28 ad-

925 3027 171 33 judicataire
1111 3026 41 27 M.
1172 3025 125 32 Moisan,
1313 3024 17 27 2
1343 3026 47 31 0)0
1401 3026 33 26 de
1448 3025 94 28 rabats
1559 3033 6 22 ;
1581 3024 26 27 2'
1620 3026 50 27 lot.

927 3061 206 33 ebarpenterie,
1152 3060 182 30 menaiseria,
1358 3060 213 35 quicoaiileric,
1593 3060 81 27 1.510

927 3098 46 28 fr,
991 3097 208 34 adjudicataire
1213 3096 43 27 M.
1273 3094 125 30 Moisan.
1420 3096 13 26 1
1448 3093 47 32 o|o
1508 3096 34 27 de
1558 3096 94 27 rabais
1664 3104 7 21 ;

924 3131 28 27 3'
967 3132 48 27 lot.
1032 3132 146 33 zingaerie
1193 3137 27 20 et
1238 3131 164 32 plombsrie,
1419 3130 52 28 730
1486 3132 47 32 fr.,
1556 3131 99 32 adjudi-

928 3167 105 27 cataire
1048 3165 43 28 M.
1106 3165 79 28 Jules
1200 3165 85 34 Nosl,
1298 3165 15 27 9
1324 3164 47 33 o|o
1385 3167 33 26 de
1434 3165 94 27 rabais
1545 3174 7 24 ;
1580 3165 17 26 4
1624 3167 48 31 lot,

926 3202 144 34 plâtrerie.
1089 3203 170 26 fumisterie,
1278 3206 165 31 carreiager.
1460 3201 15 26 3
1487 3200 52 28 410
1560 3202 47 30 fr.,
1624 3201 33 27 ad-

930 3236 181 33 jodicataire,
1128 3236 40 27 M.
1187 3236 206 28 Gaénannain.
1413 3236 31 26 Ï2
1454 3236 46 32 0.0
1514 3236 34 27 de
1560 3236 93 27 rabais
1668 3243 6 21 ;

926 3272 17 27 5
971 3273 39 27 lot
1037 3272 132 35 peinture
1183 3275 28 24 et
1226 3272 126 31 vitrerie,
1382 3270 13 27 1
1411 3270 50 28 120
1487 3273 47 30 fr.,
1559 3272 100 34 adjudi-

926 3308 116 32 cataire,
1059 3307 44 27 M.
1120 3307 87 27 Louis
1224 3307 117 34 Ragrot,
1356 3306 33 28 21
1409 3306 47 33 o|o
1469 3308 33 26 de
1517 3306 105 28 rabais.

1195 3351 269 32 L'Bermttege
1482 3352 155 31 Lorges.

965 3386 81 28 UNE
1069 3386 141 27 BONNE
1233 3386 188 28 CAPTURE
1449 3399 30 7 -
1500 3386 39 28 Le
1572 3386 32 26 1»
1629 3393 32 20 no-

927 3430 116 20 vemore
1058 3430 38 20 un
1114 3430 45 19 «ar
1167 3425 72 32 giier
1257 3425 99 31 pesant
1370 3420 35 28 90
1421 3422 74 30 kilos
1513 3430 15 20 a
1545 3424 43 26 été
1598 3420 63 31 abat-

927 3461 32 25 tu
978 3459 72 25 dans
1064 3458 30 26 la
1109 3458 71 26 forèi
1196 3458 34 26 de
1244 3458 115 33 Lorges.

1434 3491 203 34 Trégaler.

964 3528 50 28 LA
1030 3527 132 30 PECHE
1179 3527 84 30 AUX
1278 3527 185 30 HUITRES.
1481 3542 30 5 -
1530 3531 41 25 L*
1587 3529 87 32 pSshe

930 3570 56 19 aux
1004 3566 110 24 bultres
1129 3569 32 20 d«
1176 3562 18 27 2
1220 3565 97 26 saison
1339 3570 65 20 aeu
1421 3563 59 27 lied
1501 3563 27 27 le
1559 3562 32 27 19
1622 3570 35 19 no-

928 3598 116 30 vembre
1062 3608 6 17 :
1094 3599 33 26 de
1154 3596 34 28 80
1220 3599 17 27 k
1265 3596 52 30 100
1344 3598 123 30 bateaux
1495 3607 18 26 y
1539 3602 51 25 ont
1618 3599 59 34 pris

928 3640 76 30 part.

965 3669 39 28 Le
1018 3669 94 35 signal
1127 3677 15 19 a
1155 3670 43 26 été
1213 3669 93 27 donné
1320 3670 17 26 à
1351 3669 66 28 huit
1444 3670 100 26 heure*
1561 3669 38 28 du
1617 3677 39 20 ma-

930 3705 44 27 tin
990 3707 27 24 «t
1032 3706 27 25 la
1076 3705 87 32 pèche
1178 3705 65 26 s'est
1276 3706 141 25 terminée
1431 3706 17 25 k
1466 3712 69 19 onze
1563 3707 110 25 heures.

932 3739 51 27 Les
999 3739 123 27 bateaux
1136 3742 51 24 ont
1205 3739 58 32 pris
1278 3748 34 18 en
1341 3746 141 27 moyenne
1509 3741 34 25 de
1569 3739 70 27 trois
1663 3739 15 27 à

931 3778 99 32 quatre
1046 3782 125 19 mesures
1187 3775 124 27 chacun.
1328 3774 41 28 La
1394 3782 110 20 mesure
1532 3783 27 18 se
1577 3775 99 34 payait

931 3815 61 28 sept
1015 3810 94 27 francs
1126 3814 27 22 et
1168 3810 27 26 le
1218 3813 66 24 cent
1298 3810 33 26 de
1343 3809 19 27 2
1375 3810 34 27 fr.
1429 3809 34 27 25
1479 3811 15 26 k
1508 3809 18 27 2
1540 3810 37 26 fr.
1589 3809 34 28 50

965 3846 83 27 Deux
1071 3846 167 34 torpilleurs
1266 3848 51 26 ont
1345 3847 54 27 lait
1424 3847 27 26 le
1476 3846 109 27 sarvioe
1600 3846 58 27 d'ar-

931 3882 58 26 dre.

1475 3915 169 28 Caaliei

966 3951 123 30 CHIEN
1119 3950 189 31 SUSPECT.
1336 3964 31 6 -
1393 3951 47 30 Un
1463 3960 99 26 poseur
1591 3952 33 26 de
1651 3952 30 27 la

932 3987 64 26 voie
1024 3994 25 19 ie
1064 3987 77 26 «leur
1154 3986 123 33 Tooyer,
1292 3989 91 32 ayant
1400 3989 99 25 trouvé
1513 3987 105 27 oouché
1632 3994 48 19 sur

932 4023 27 27 le
973 4020 67 30 bord
1056 4022 33 27 de
1104 4022 30 27 la
1148 4020 65 28 voie
1226 4022 87 27 ferrée
1330 4023 60 33 près
1402 4020 124 31 Caulnes
1539 4030 40 20 ni
1596 4022 84 28 ohien

933 4058 163 33 paraissant
1113 4057 111 27 malade
1238 4059 27 25 et
1279 4057 51 34 qui
1345 4058 81 26 avait
1441 4058 15 26 k
1480 4058 141 33 plusieurs
1637 4065 30 19 re-

934 4093 89 34 prises
1038 4094 97 33 essayé
1150 4091 34 27 de
1196 4091 26 27 le
1239 4094 111 25 mordre
1364 4091 116 34 prévint
1506 4094 28 27 la
1561 4091 102 37 gendar-

933 4130 97 25 merie.

966 4162 44 28 M-
1025 4162 97 28 Julien
1139 4162 85 27 Lorra
1252 4163 195 32 commerçant
1474 4162 15 27 i
1518 4162 124 28 Caulnes
1665 4169 15 21 a

933 4201 50 25 tue
996 4199 66 27 d'un
1076 4206 72 26 ooup
1163 4198 32 27 de
1211 4198 69 27 fusil
1297 4202 43 22 oet
1352 4195 115 30 animal
1480 4198 71 28 dont
1576 4199 26 27 le
1626 4199 41 28 col-

935 4234 53 26 lier
1004 4235 105 32 portait
1124 4234 25 26 le
1166 4241 65 19 nom
1252 4233 33 27 de
1306 4232 27 30 J.
1350 4232 152 35 Bourdais,
1533 4234 17 27 k
1578 4232 100 30 Saint-

934 4269 83 28 Mécn
1041 4267 144 32 (1.-el-V)

1117 4361 383 45 FINISTÈRE

1012 4457 58 41 les
1087 4461 130 38 trmsx
1241 4459 37 39 dp
1297 4460 27 39 la
1345 4460 77 39 ride
1446 4457 39 41 de
1513 4459 92 40 Brest

972 4538 52 32 Oa
1038 4539 59 30 sait
1113 4546 69 30 que,
1200 4539 240 33 dernièrement,
1455 4539 27 31 le
1501 4539 181 32 Parlement

933 4587 19 20 a
966 4581 69 27 voté
1050 4587 40 20 un
1107 4579 96 30 crédit
1220 4578 37 32 de
1279 4578 19 30 7
1312 4578 132 31 600.000
1469 4578 105 31 Iranos
1600 4587 78 30 poar

935 4618 222 28 l'aabèvemeat
1172 4619 53 27 des
1241 4622 131 25 trr.vaux
1388 4620 38 26 de
1442 4618 31 28 la
1487 4618 85 28 rade.

974 4658 249 37 L'adjudication
1241 4658 38 30 de
1294 4667 50 22 oes
1361 4663 132 25 travaux
1508 4667 19 20 a
1553 4667 39 21 eu
1620 4658 63 31 lieu

937 4696 76 37 hier,
1030 4697 80 31 ainsi
1127 4706 60 30 que
1200 4706 78 21 noua
1293 4696 120 31 l'avons
1435 4700 150 32 annoncé,
1604 4696 79 32 dam

935 4737 30 30 la
978 4736 76 31 salle
1068 4736 35 30 de
1121 4736 27 28 la
1166 4735 155 34 Rotonde,
1337 4737 113 30 devant
1478 4737 30 30 la
1537 4737 126 30 commis-

937 4776 67 30 sion
1019 4776 138 37 présidée
1174 4785 54 28 par
1245 4775 47 30 M.
1316 4776 171 31 Lerenchet
1500 4776 38 31 de
1550 4775 115 39 Monija-

938 4821 93 25 moût,
1050 4815 215 31 commissaire
1278 4817 138 37 général.

978 4856 79 30 Huit
1083 4856 294 30 soumissionnaires
1400 4856 113 30 étaient
1539 4858 138 35 présente

935 4904 40 20 ou
992 4897 189 35 représentés
1198 4904 8 20 :
1224 4894 70 30 MM
1322 4892 188 40 Chagnaud,
1524 4897 38 28 de
1580 4896 98 35 Paris,

937 4935 18 28 5
966 4933 52 35 0,0
1046 4935 37 28 de
1110 4933 103 30 rabais
1231 4944 6 26 ;
1267 4933 133 31 Hersent
1427 4933 60 35 fils,
1513 4935 38 30 de
1581 4933 99 37 Paris,

934 4974 20 28 6
969 4974 51 35 o|o
1036 4984 8 25 ;
1062 4974 137 35 Mioche,
1214 4976 38 27 de
1271 4972 99 37 Paris,
1388 4974 15 30 1
1419 4972 52 37 o|o
1481 4983 7 26 ;
1507 4972 124 39 Eugène
1643 4974 41 32 Le

937 5014 125 34 Teliier,
1078 5014 38 30 de
1134 5014 99 34 Paris,
1258 5013 20 30 8
1291 5013 53 34 0,0
1357 5022 8 24 ;
1389 5015 37 30 de
1444 5014 119 31 Btcker
1590 5015 93 31 frères

938 5060 28 21 et
984 5054 120 28 Saucou
1134 5054 38 27 de
1189 5053 99 34 Paris,
1306 5061 72 22 sans
1391 5054 103 28 rabais
1511 5061 8 27 ;
1551 5054 131 35 Hallier,

939 5093 37 31 de
992 5093 100 34 Paris,
1109 5091 20 30 9
1142 5091 63 35 0.0.

981 5133 87 30 Deux
1085 5132 204 31 soumission*
1307 5134 51 28 ont
1377 5133 45 30 été
1436 5134 143 33 éoarlées,
1592 5133 91 32 celles

940 5172 37 30 de
992 5171 83 30 MM.
1090 5172 119 30 Brissot
1224 5177 30 25 et
1266 5172 126 30 G&rdet.

980 5210 45 31 M.
1044 5210 122 31 Hallier
1200 5218 93 30 ayant
1318 5211 57 30 fait
1410 5220 41 21 an
1476 5211 103 31 rabiii
1613 5212 71 38 plui

940 5254 195 32 avantageux
1149 5259 58 27 que
1224 5258 47 22 ses
1286 5255 210 32 concarrtnli,
1522 5261 19 20 a
1565 5254 46 28 élè
1633 5251 34 31 dé-

940 5290 81 30 claré
1033 5290 236 37 adjudicataire.

1534 5356 116 28 Brest

973 5389 109 28 VOTE
1113 5389 93 28 D'UN
1234 5391 183 28 MILLION.
1449 5404 32 7 -
1509 5391 40 28 Le
1570 5392 115 30 Ceassil

941 5426 164 32 municipal
1126 5426 34 26 de
1174 5426 84 28 Bre>l
1273 5427 79 26 Tient
1365 5427 34 26 de
1415 5428 78 26 voter
1508 5434 39 20 an
1565 5427 116 28 militai

941 5469 69 26 pour
1025 5461 154 31 participer
1194 5464 14 24 «
1225 5461 30 27 la
1273 5463 194 26 construction
1483 5463 35 26 du
1538 5463 97 27 baaain
1651 5463 33 27 de

941 5496 104 28 radoub
1062 5503 35 20 an
1115 5500 60 30 port
1192 5496 34 28 de
1240 5503 64 21 00:11
1310 5505 59 19 mer
1372 5505 39 19 ce.

974 5543 81 28 VOL
1080 5542 52 30 DE
1156 5543 221 31 CHAPEAUX
1397 5544 50 28 ET
1462 5544 174 30 RUBANS.
1652 5559 32 7 -

941 5578 81 28 Mme
1037 5578 104 32 Piolet,
1160 5581 130 31 modiate,
1304 5588 47 19 roe
1365 5581 34 26 de
1415 5581 67 27 Crie
1508 5581 32 26 14
1561 5583 17 25 fc
1593 5581 91 31 Breit,

940 5614 183 33 ■'apercevait
1152 5615 100 33 drpaia
1280 5617 123 32 qoelqae
1430 5619 57 24 tes
1494 5623 30 25 pi
1552 5623 53 25 qae
1638 5617 47 27 des

941 5648 105 27 rabat»
1075 5653 28 21 et
1126 5655 94 20 aatr«s
1247 5650 174 26 fournUares
1443 5652 34 26 de
1491 5652 148 33 chaptasx
1654 5652 33 26 de

940 5685 120 26 femmes
1077 5683 235 34 disparaiesaicot
1326 5685 33 26 da
1375 5694 50 17 ma
1441 5686 109 26 atelier.

976 5718 66 28 Elle
1069 5726 28 19 le
1124 5720 168 26 demandait
1318 5730 48 17 «or
1381 5720 50 34 qui
1456 5720 70 26 faire
1551 5728 76 26 peier
1644 5731 41 18 les

941 5759 149 28 soupçon».
1121 5756 119 32 lorrque,
1271 5763 41 18 ee<
1342 5756 78 33 joua
1447 5756 136 28 derniers,
1612 5757 73 26 deox

941 5791 148 31 obapeaux
1102 5789 41 26 lai
1160 5789 96 27 forent
1270 5797 99 19 enoore
1381 5791 149 24 soustrait»
1543 5798 7 24 ;
1567 5798 98 20 ranem-

941 5823 81 28 blant
1051 5823 72 27 alon
1153 5828 91 24 toutes
1267 5832 41 19 «ci
1324 5828 155 30 oivrière»,
1494 5825 54 26 elle
1565 5826 61 26 leur
1639 5835 31 20 ra-

941 5861 84 25 conta
1054 5858 40 27 le*
1109 5858 61 28 vole
1199 5861 149 26 snooeiaifs
1376 5861 69 26 dont
1473 5859 54 27 die
1551 5861 79 28 avait
1644 5863 43 27 4M

941 5894 130 27 ▼iotime.

977 5928 64 30 Une
1067 5929 47 26 de»
1140 5930 172 32 apprenties,
1329 5930 109 28 Jeanne
1453 5929 69 33 L...,
1546 5931 28 26 lu
1599 5939 71 26 quar-

941 5965 53 26 tier
1012 5963 226 31 Saint-Ma-iin,
1256 5966 103 27 s'étaat
1384 5965 72 27 mise
1469 5966 17 27 fc
1501 5966 74 34 pilir
1590 5973 81 21 étran-

941 6002 124 32 gement,
1078 6000 45 27 fat
1136 5999 122 28 ausaitAi
1273 5999 157 37 inte-rogée
1443 6004 26 24 et
1486 6001 31 26 fit
1533 6001 46 27 dea
1593 6011 92 20 aveux

943 6035 149 33 oompleta.

979 6070 64 27 Elle
1057 6070 97 34 ajouta
1168 6070 104 32 qu'elle
1286 6070 79 28 avait
1380 6070 81 28 offert
1475 6071 40 27 lea
1531 6071 74 28 deux
1618 6073 52 28 eha-

945 6111 91 28 peaux
1051 6105 15 26 fc
1078 6105 48 27 dee
1141 6105 102 33 amiei,
1259 6106 167 33 auxquelles
1449 6106 54 26 elle
1531 6109 79 26 avait
1638 6109 32 26 dé-

944 6141 76 27 claré
1032 6141 40 26 le*
1088 6141 81 27 avoir
1182 6148 78 26 reçus
1276 6141 34 27 de
1324 6148 31 20 aa
1372 6143 156 25 maltreaae.

1505 6189 146 28 fiarlaa

980 6221 202 31 INCENDIE.
1247 6224 63 27 Una
1326 6226 191 26 maisonnette
1541 6227 60 27 dite
1623 6227 64 28 An-

947 6257 276 33 Domie-Ty-Nevèi
1248 6268 32 19 en
1300 6257 120 34 Garlan,
1436 6267 17 20 a
1467 6261 41 27 été
1537 6269 45 20 oee
1610 6262 77 34 jour»

947 6293 124 27 deniers
1087 6295 28 26 la
1130 6294 78 34 proie
1221 6295 47 26 dea
1285 6294 141 28 flammes.

980 6328 91 28 Grfcee
1084 6330 18 26 fc
1117 6330 8 26 1
1136 6331 113 33 énergie
1270 6333 35 24 de
1328 6330 43 27 M.
1387 6330 197 35 Guyemaroh,
1602 6333 71 27 caltl-

948 6370 98 21 vateur
1061 6365 17 26 fc
1093 6363 181 38 Kertaoguy,
1290 6367 28 26 et
1344 6365 38 28 da
1396 6365 85 35 ]euue
1495 6367 130 31 Leusiot,
1646 6369 39 27 di

950 6400 83 31 Mrir,
1048 6406 35 19 en
1102 6400 188 34 Plouigneau,
1306 6402 26 26 le
1348 6402 133 27 mobilier
1507 6402 47 28 dai
1571 6404 99 27 locatai-

950 6442 41 19 re»
1006 6442 17 19 a
1038 6441 37 27 pu
1091 6435 58 26 être
1166 6437 98 25 aaové.

981 6468 44 28 La
1041 6468 109 26 maf«nn
1179 6471 48 34 qni
1243 6472 182 30 appartenait
1452 6481 35 20 au
1517 6474 112 33 général
1654 6474 35 27 de

948 6506 133 33 Forcaui,
1096 6506 72 30 était
1178 6507 122 28 aeaurée.

984 6543 40 27 i<e
1037 6547 118 24 siniaUe
1168 6546 43 25 est
1225 6543 38 26 da
1276 6547 17 24 a
1306 6550 39 20 aa
1359 6544 45 26 (ei
1417 6543 35 27 da
1465 6544 161 26 ebenainée.

2293 207 167 26 Morlals.

1781 244 54 28 KN
1859 244 197 30 GLISSANT
2074 243 81 30 SUR
2184 243 51 28 LE
2248 241 198 30 VERGLAS.
2461 253 31 7 -

1746 279 97 31 Lundi
1859 280 124 32 dernier,
1998 287 37 21 an
2050 281 105 30 matin,
2174 280 40 27 lu
2230 286 64 20 raw
2317 279 34 27 de
2366 276 128 30 Morlaiz

1744 315 107 28 étaient
1866 317 149 26 couvertes
2041 315 34 27 de
2102 315 113 33 verglas
2232 321 7 24 ;
2264 314 78 27 aussi
2370 313 24 28 il
2422 312 70 28 était

1744 352 56 27 très
1814 348 117 28 difficile
1944 350 35 28 de
1996 352 141 33 marcher,
2152 352 28 27 et
2193 356 38 21 01
2245 356 18 21 a
2276 356 34 21 en
2335 350 15 26 à
2365 348 129 35 déplorer

1743 386 74 28 deux
1833 385 143 28 accidents
1988 386 139 32 pénibles.

1779 420 44 30 M.
1857 419 93 28 Henri
1976 419 105 34 Prieer,
2109 419 125 30 commis
2270 419 144 35 principal
2441 418 50 28 de«

1746 456 98 30 Poitei
1859 458 28 26 et
1902 454 201 37 Télégraphes.
2120 458 43 26 e*t
2178 454 106 32 tombé,
2309 462 35 20 en
2367 462 31 20 se
2425 461 50 21 ren-

1742 493 71 28 dant
1827 498 51 21 eon
1910 491 116 31 bareao,
2060 493 64 32 près
2150 491 37 27 du
2220 488 117 37 Champ
2369 490 33 28 de
2431 488 40 31 Bs-

1742 528 91 27 taille.

1776 563 44 27 M.
1843 560 159 32 Crimineo,
2017 560 148 34 eoneierge
2178 561 34 27 de
2225 561 31 28 la
2285 561 202 28 manufacture

1741 596 47 28 des
1802 596 110 34 tabacs,
1942 595 64 28 aidé
2049 596 34 25 de
2108 598 44 25 M.
2183 595 39 28 Le
2250 594 94 34 Corre,
2373 595 116 27 ouvrier

1741 633 148 28 ebaufleur
1911 639 38 21 au
1969 630 93 28 même
2076 630 219 28 établissement
2321 631 41 28 lui
2378 638 17 20 a
2409 631 78 35 porté

1740 676 119 19 secours,
1877 669 27 26 et
1919 667 38 27 l'a
1976 666 163 34 transporté
2153 665 18 27 à
2185 666 27 27 la
2237 665 188 37 conciergerie
2439 666 46 26 des

1740 702 106 30 tabic.
1864 702 80 30 Dans
1957 709 32 21 sa
2003 702 86 27 ohute
2104 698 45 30 M.
2165 699 97 28 Priser
2283 702 65 27 e'ast
2363 702 123 27 fracturé

1739 738 28 28 la
1779 729 106 44 jambe.

1774 774 81 27 Mme
1880 772 161 33 Hameury,
2070 771 52 27 néa
2282 772 129 26 ouvrière
2425 772 17 26 k
2456 771 30 27 la

1739 811 202 26 manufacture
1952 808 48 27 des
2015 807 107 31 tabacs,
2139 808 43 25 est
2198 806 112 27 tombée
2335 807 27 27 le
2391 807 93 28 même

1737 843 63 33 Jour
1814 852 34 19 en
1865 852 30 19 se
1910 842 123 30 rendant
2046 842 18 28 k
2078 850 51 20 son
2146 840 106 31 travail
2268 843 28 26 et
2310 842 65 28 c'est
2391 842 92 27 démis

1736 878 28 28 le
1779 879 74 35 pied.

2217 911 231 37 Qulmperlé

1772 952 246 30 EXPOSITION
2034 950 244 34 ARTISTIQUE
2296 964 26 8 -
2340 952 26 27 A
2378 952 104 32 Qnim-

1735 991 78 59 Serté
1826 987 84 30 vient
1924 987 33 27 de
1970 987 125 27 c'ouvrir
2124 989 17 26 k
2169 987 30 27 la
2212 986 117 32 Mairie,
2346 994 37 20 au
2399 989 83 33 profit

1755 1031 18 20 u
1789 1024 104 27 bureau
1923 1023 34 28 de
1985 1023 207 28 bienfaisanoe.
2219 1020 184 35 l'exposition
2433 1024 47 26 des

1734 1067 120 21 oeuvres,
1871 1059 142 33 esquisses
2028 1062 27 24 et
2069 1057 97 28 études
2181 1057 85 27 faites
2283 1057 126 34 pendant
2420 1058 60 27 lenr

1733 1094 93 34 séjour
1841 1094 71 27 dans
1930 1096 72 25 cette
2015 1093 80 28 ville,
2113 1100 52 27 par
2191 1093 27 26 le
2245 1091 109 28 célèbre
2370 1093 110 32 peintre

1733 1129 163 34 aorwégiea
1909 1128 44 30 M.
1976 1128 144 30 Tbaulow
2146 1128 106 27 offloier
2280 1127 34 28 de
2328 1127 30 27 la
2372 1126 105 35 Légion

1734 1165 170 28 d'honneur,
1919 1167 28 25 et
1962 1165 74 26 deux
2063 1168 96 22 autres
2185 1163 117 27 artistes
2324 1162 34 27 de
2372 1165 106 32 talent,

1734 1199 66 28 MM
1827 1199 110 35 Krohg,
1954 1199 167 35 norvégien,
2135 1200 27 27 et
2177 1198 110 33 Tharp,
2302 1196 123 35 anglais.

1767 1234 64 32 Qae
1858 1243 72 19 ceux
1957 1235 51 33 qui
2036 1235 119 26 veulent
2179 1234 116 34 profiter
2309 1233 33 26 de
2356 1240 31 20 ce
2401 1234 77 34 régal

1731 1269 154 35 artistique
1899 1272 27 24 et
1941 1278 35 18 en
1995 1270 93 26 même
2102 1272 96 30 temps
2217 1269 157 33 participer
2388 1269 18 26 k
2424 1276 54 20 une

1730 1312 98 19 œuvre
1844 1304 200 28 numanltaire
2054 1312 31 19 se
2100 1305 130 32 preisent
2257 1302 103 28 d'aller
2374 1302 104 28 vliiter

1730 1341 72 26 cette
1819 1339 176 33 expoi'.tioa,
2010 1346 48 20 car
2074 1341 56 26 elle
2151 1346 34 20 ne
2216 1346 61 20 sera
2291 1339 117 26 ouverte
2422 1345 56 27 que

1731 1381 53 35 peu
1800 1374 33 28 de
1851 1375 87 33 Jours.
1956 1375 25 28 Il
2009 1381 19 27 y
2052 1381 18 21 a
2096 1375 30 27 lk
2153 1372 122 28 nombre
2289 1372 33 27 de
2336 1372 84 28 toiles
2444 1372 34 28 de

1730 1409 89 28 haute
1833 1410 111 34 valeur,
1957 1411 71 26 aont
2056 1410 30 27 la
2111 1409 111 28 facture
2235 1408 178 35 impeccable
2427 1409 33 27 dé-

1729 1444 58 26 cèle
1820 1453 40 19 un
1878 1453 60 20 rare
1964 1447 28 26 et
2022 1444 56 27 réel
2105 1444 100 30 talent,
2223 1447 27 24 et
2265 1443 59 35 qui,
2342 1444 81 33 gfftJC
2439 1452 37 19 au

1729 1479 56 30 bon
1800 1482 67 33 geût
1884 1480 34 28 de
1932 1480 44 28 M.
1996 1479 85 32 Noël,
2099 1486 40 21 un
2154 1478 103 30 artiste
2284 1478 191 37 quimperlois

1730 1515 65 27 bien
1813 1522 104 26 connu,
1935 1518 50 26 ont
2000 1517 44 26 été
2059 1514 66 30 bien
2141 1515 111 33 placées
2265 1514 72 28 dans
2359 1514 28 28 la
2411 1515 65 33 Jour

1728 1551 51 33 qui
1789 1551 63 27 leur
1864 1551 148 28 ooavient.

2300 1583 142 28 Cléder

1762 1620 194 30 INCENDIE
1981 1620 81 28 PAR
2087 1619 330 30 MALVEILLANCE.
2443 1633 31 7 -

1728 1656 46 28 Ua
1792 1658 132 26 iaoeadie
1938 1665 17 19 a
1969 1657 90 27 éeUté
2081 1656 47 27 des
2157 1657 76 33 jeurs
2262 1655 135 32 derniers,
2411 1663 64 20 vers

1727 1691 51 27 dix
1807 1693 98 26 heures
1935 1693 27 26 et
1989 1690 94 28 demie
2111 1690 38 28 du
2178 1691 66 31 seir,
2262 1698 35 20 au
2313 1691 107 33 village
2441 1691 33 27 de

1727 1726 125 32 Bodillo,
1866 1735 37 19 en
1917 1724 113 35 Cléder,
2046 1727 72 28 dans
2133 1734 56 20 uae
2217 1726 115 30 maison
2361 1726 113 30 habitée

1727 1769 50 27 par
1791 1761 17 26 5
1824 1762 158 27 locataires.

1760 1796 203 30 L'immeuble,
1988 1796 223 33 complètement
2236 1796 118 33 détruit,
2368 1804 89 27 appar-

1726 1832 92 27 tenait
1845 1833 15 26 k
1889 1831 43 28 M.
1962 1831 171 30 Guillaume
2147 1831 103 34 Floch,
2268 1833 175 27 oultivateur
2458 1833 17 28 k

1726 1867 209 28 Crtaah-Avel,
1965 1869 51 33 qui
2047 1870 41 25 est
2117 1869 98 26 asmré
2244 1869 27 27 et
2300 1867 104 27 ectime
2430 1874 43 20 ses

1726 1907 91 58 rsrtec
1832 1903 15 27 k
1863 1902 98 28 80.000
1980 1902 35 28 fr.
2031 1902 54 30 Les
2114 1902 159 34 loeatairee,
2303 1904 70 27 dont
2402 1904 53 26 mal-

1748 1941 197 26 snreusement
1972 1945 94 21 auouu
2093 1939 100 27 n'était
2215 1941 97 25 assuré
2337 1938 136 28 évaluent

1723 1972 78 28 ainsi
1830 1974 26 27 le
1884 1974 151 33 dommege
2062 1974 89 34 qu'ilc
2178 1977 51 24 oit
2256 1972 66 27 subi
2349 1981 6 19 :
2382 1972 90 28 Alain

1726 2008 104 34 Palui,
1845 2008 52 28 SOO
1915 2009 48 33 fr.;
1977 2008 105 35 Joseph
2111 2008 128 30 Guirieo,
2257 2007 52 30 200
2336 2008 48 31 fr.;
2402 2008 53 28 Phi-

1724 2044 112 26 lomène
1852 2043 98 33 Elard,
1970 2042 48 28 150
2034 2044 46 31 fr.;
2094 2043 125 34 Tanguy
2231 2043 39 27 Le
2285 2042 70 28 Dufl
2378 2042 52 28 300
2439 2044 33 33 f.;

1723 2079 86 27 Anne
1837 2078 106 30 Baron,
1957 2086 92 20 veuve
2078 2079 103 31 Milin,
2196 2078 54 28 200
2277 2079 37 27 fr.
2343 2078 65 28 Soit
2435 2086 37 21 au

1723 2115 71 27 toUl
1811 2121 8 20 :
1832 2112 80 30 1.150
1926 2114 37 28 fr.

1759 2148 41 28 La
1814 2157 84 19 oause
1920 2150 35 26 de
1977 2156 32 20 oe
2022 2148 116 27 sinistre
2152 2148 60 27 deit
2226 2148 60 27 être
2300 2148 143 27 attribuée
2457 2150 17 28 k

1723 2184 28 27 la
1767 2185 216 27 malveillance.
1998 2183 44 28 Eo
2059 2184 76 33 effet,
2152 2185 30 26 la
2197 2187 79 31 porte
2298 2185 38 26 du
2354 2185 117 33 bftoher,

1723 2219 76 27 situé
1817 2228 37 19 au
1880 2220 252 32 rez-de-ohaussée,
2147 2220 87 33 qu'on
2261 2220 80 26 avait
2368 2220 105 26 fermée

1723 2255 72 27 dans
1822 2255 30 27 la
1878 2255 126 34 journée,
2022 2255 70 27 était
2107 2258 116 24 ouverte
2237 2262 38 21 ai
2290 2263 131 20 momeni
2435 2256 38 27 où

1723 2290 155 28 l'inoendie
1900 2291 66 27 s'est
1991 2290 120 28 déeluré.
2128 2289 40 30 Le
2185 2291 72 33 pêne
2270 2290 34 28 de
2320 2291 28 27 la
2363 2298 110 20 serrure

1722 2324 72 30 était
1808 2326 83 27 foroé.

2284 2361 123 27 Notre
2413 2360 30 26 ff

1760 2395 54 30 UN
1831 2395 307 31 CAMBRIOLEUR.
2167 2409 31 7 -
2229 2395 47 28 Ua
2293 2396 34 27 de
2341 2405 45 19 ces
2411 2396 47 27 der-

1724 2431 76 28 niers
1814 2431 89 34 jours,
1919 2439 64 19 vers
2000 2432 47 27 six
2062 2433 100 26 heures
2178 2431 39 27 du
2231 2433 105 28 matin,
2354 2432 31 27 la
2399 2432 57 27 fem-

1724 2474 46 20 me
1786 2466 39 28 Le
1839 2466 74 33 Gefl,
1942 2466 148 28 débitante
2117 2474 35 20 au
2180 2467 89 34 bourg
2296 2467 35 27 de
2347 2466 125 35 Motreff,

1723 2503 155 27 constatait
1892 2509 35 19 en
1942 2509 30 19 se
1988 2503 99 26 levant
2100 2502 104 34 qu'elle
2217 2502 83 28 avait
2314 2503 43 27 été
2386 2503 73 27 vioti-

1726 2545 45 19 me
1785 2536 67 28 d'un
1869 2537 48 27 vol
1932 2537 128 34 pendant
2075 2538 28 27 la
2120 2537 78 28 nuit.
2213 2536 40 30 Le
2276 2537 85 28 tiroir
2375 2537 33 28 de
2424 2546 50 19 sen

1723 2571 142 35 comptoir
1879 2572 80 27 avait
1975 2572 43 26 été
2039 2572 100 27 »nlevé
2167 2580 70 20 aveo
2265 2581 51 19 son
2350 2575 124 26 contenu

1723 2607 50 37 qui
1789 2607 118 35 pouvait
1922 2609 58 26 Slra
1995 2607 33 28 de
2041 2606 35 27 80
2091 2608 94 27 franos
2199 2608 133 27 environ.

1759 2642 40 28 Le
1813 2642 168 28 malfaiteur
1996 2650 17 20 a
2027 2644 38 25 dû
2075 2643 185 27 s'introduire
2275 2644 67 26 chez
2356 2644 56 26 elle
2439 2652 34 19 en

1723 2678 175 32 esoaladant,
1916 2685 37 20 au
1970 2686 103 25 moyen
2095 2678 85 26 d'une
2194 2679 120 30 échelle,
2346 2686 56 20 une
2431 2679 28 27 fe-

1726 2714 78 27 nêtre
1818 2713 39 27 du
1872 2714 124 33 premier
2009 2717 90 32 étege.
2118 2713 24 27 11
2158 2717 41 24 est
2215 2714 143 27 desoendu
2374 2714 83 27 ensui-

1724 2751 28 26 te
1766 2756 35 21 au
1818 2748 246 27 rez-de-chaussée
2078 2752 37 28 et.
2145 2750 80 33 après
2256 2750 81 27 avoir
2361 2750 106 27 achevé

1724 2792 51 20 son
1793 2784 159 34 opération,
1969 2785 66 27 c'est
2048 2784 119 35 wquivé
2183 2791 52 28 par
2263 2784 28 30 la
2321 2784 107 30 fenêtre
2441 2785 35 28 da

1726 2820 28 28 la
1770 2818 123 28 ouisiie.

1761 2855 65 30 Une
1839 2855 123 34 enquête
1976 2857 43 26 est
2033 2857 126 26 ouverte.

2277 2890 162 27 Trèfles.

1761 2924 202 31 ACCIDENT
1977 2924 174 30 MORTEL.
2211 2926 43 28 La
2269 2928 129 25 semaine
2413 2928 47 25 der-

1728 2961 85 33 nière,
1843 2961 80 28 René
1949 2960 94 30 Didou
2074 2961 145 35 ohargeait
2249 2962 37 27 du
2314 2962 78 27 sable
2417 2962 60 28 kla

1727 2998 93 33 grève,
1834 3004 37 20 en
1885 2996 171 34 compagnie
2072 2996 33 26 de
2132 3005 44 18 ses
2204 2996 74 27 deux
2306 2998 60 26 fils.
2387 2996 26 27 A
2432 3005 40 19 un

1728 3038 130 21 momen*
1872 3032 104 30 donné,
1990 3033 60 26 l'un
2067 3032 47 26 des
2139 3033 144 30 ohevaox,
2300 3032 85 34 qu'on
2400 3034 60 25 atte-

1728 3069 53 26 lait
1808 3074 70 27 pour
1918 3067 31 27 la
1975 3069 138 32 première
2141 3069 64 28 fois,
2236 3069 32 26 fit
2287 3074 39 20 un
2353 3067 124 34 brusque

1728 3104 76 26 éaart
1820 3107 6 20 :
1844 3102 79 28 René
1937 3102 93 28 Dldou
2047 3103 44 26 fat
2120 3103 106 33 projeté
2258 3110 50 19 snr
2336 3102 27 27 le
2382 3102 90 32 sable,

1728 3141 27 25 et
1769 3138 78 27 l'uae
1861 3137 48 27 des
1924 3145 80 20 roues
2019 3137 34 27 de
2068 3138 30 26 la
2113 3139 143 25 charrette
2269 3137 43 27 lui
2329 3145 84 26 pasia
2427 3145 50 20 sur

1729 3174 26 27 le
1769 3181 90 25 corps.
1877 3172 25 27 Il
1916 3176 41 24 e«t
1975 3175 73 24 mort
2063 3172 74 26 deux
2154 3174 102 26 heures
2272 3175 96 32 après.

1767 3208 93 28 Didou
1876 3207 71 30 était
1962 3209 48 32 âgé
2026 3208 33 26 de
2074 3206 33 28 62
2120 3215 63 20 ans.

1736 3456 47 32 De
1798 3468 56 20 nos
1867 3459 249 39 correspondants
2127 3457 194 43 particuliers
2335 3457 37 30 de
2385 3456 94 32 Parts

1905 3507 28 26 et
1944 3503 50 30 des
2004 3507 85 34 ports
2099 3508 60 33 par
2170 3501 143 40 dépêches

1742 3331 246 69 MARINE
2035 3331 79 69 ET
2156 3331 320 69 COLONIES

1820 3595 214 34 MARINE
2070 3596 73 33 DE
2169 3595 220 34 GUERRE

1768 3674 170 28 licadre
1951 3674 56 27 dn
2020 3676 103 26 Merd
2223 3674 44 28 La
2281 3677 139 32 première
2434 3677 31 27 di-

1734 3711 94 27 viiion
1845 3712 33 25 de
1892 3710 133 27 l'eacadre
2041 3711 37 26 da
2093 3710 79 28 Nord
2187 3718 17 20 a
2218 3711 137 27 continué
2370 3719 41 19 ses
2428 3712 53 27 tir*

1733 3754 38 20 au
1785 3745 159 32 mouillage
1959 3748 69 25 dam
2042 3746 28 27 la
2085 3745 65 28 bai*
2163 3745 34 28 de
2222 3745 162 28 Rosoanvel
2412 3750 26 24 et
2465 3755 18 21 a

1734 3781 159 34 appareillé
1906 3788 69 27 poar
1988 3781 71 27 fa'.re
2074 3781 48 27 dei
2137 3781 90 27 éoole«
2242 3782 17 26 à
2287 3781 46 28 fen
2365 3781 71 28 dans
2456 3782 27 28 le

1735 3817 106 34 goulet.

1772 3853 38 26 Le
1824 3852 52 27 faut
1892 3852 70 27 était
1978 3853 149 33 remorqué
2144 3859 50 27 par
2228 3859 39 20 nn
2298 3860 184 27 remorqueur

1734 3887 35 27 de
1783 3887 27 28 la
1826 3886 141 28 direotion
1981 3886 48 28 de*
2046 3889 201 26 mouvement!
2261 3887 39 28 do
2315 3892 74 30 porl.

1997 3950 60 32 Aux
2079 3950 138 32 Cafaniea

1770 3992 164 27 T*nkln.
2000 3992 98 28 Hanoï
2124 3993 70 27 dont
2217 4000 72 20 nom
2319 4003 87 19 avons
2435 3994 32 27 dé-

1736 4028 56 28 crit
1805 4029 17 26 à
1839 4029 125 32 piosiurs
1994 4028 122 33 repriiei
2145 4029 91 27 toute*
2268 4029 39 27 lea
2331 4029 135 28 améliora-

1736 4063 77 27 tion»
1824 4067 26 24 et
1865 4067 63 24 ton*
1944 4064 40 26 lei
2013 4063 262 33 développement»,
2294 4071 37 21 Ta
2349 4065 60 27 être
2431 4065 50 27 do-

1737 4102 40 25 S«e
1792 4098 69 27 d'un
1877 4100 104 26 nouvel
1996 4098 126 27 élément
2135 4100 34 26 de
2183 4100 107 27 auceès.

1772 4133 69 27 Très
1857 4133 240 34 prochainement
2121 4139 94 22 seront
2244 4135 190 32 transportées
2450 4135 34 27 de

1737 4168 107 34 Saigon
1857 4169 17 27 k
1889 4167 97 30 Hanoi
2003 4176 7 19 :
2027 4169 30 28 la
2070 4167 141 30 direction
2237 4168 48 30 daa
2314 4169 112 28 affaires
2443 4170 28 27 ci-

1737 4205 83 30 viles,
1835 4205 27 26 la
1878 4205 141 26 direction
2034 4204 47 27 de*
2115 4204 125 27 douanes
2272 4205 28 27 et
2335 4205 89 34 régies
2452 4206 34 27 de

1739 4238 213 32 l'lndo-Chine,
1962 4240 30 26 la
2002 4238 141 28 direction
2158 4239 47 28 de*
2220 4241 124 26 travail
2362 4240 120 33 publiai,

1739 4276 27 27 la
1781 4276 139 26 direction
1936 4274 132 34 générale
2082 4274 34 27 de
2131 4274 207 34 l'agrioulture.
2352 4276 38 27 du
2404 4284 60 19 com-

1740 4317 92 20 merce
1844 4312 27 24 et
1892 4309 47 27 des
1955 4310 97 32 {oréts,
2069 4309 28 27 la
2126 4309 142 28 direction
2294 4310 39 27 du
2361 4315 126 25 contrôle

1739 4344 150 32 financier,
1904 4345 97 26 l'ecole
2017 4344 142 33 française
2185 4344 168 30 d'Extrême
2370 4345 113 35 Orient,

1739 4382 26 25 le
1780 4387 151 27 procureur
1944 4380 116 34 général
2075 4383 34 24 de
2141 4380 28 28 la
2196 4380 106 34 ju*tioe
2333 4388 34 20 en
2398 4381 84 28 Indo-

1739 4415 106 30 Chine.

1774 4450 24 28 Il
1814 4459 35 19 ne
1864 4453 105 26 restera
1984 4450 66 34 plu*
2065 4452 17 27 t
2095 4449 109 35 Saigon
2220 4459 53 26 que
2288 4450 48 28 des
2362 4453 110 27 sois-di-

1739 4485 133 28 rections.

1774 4520 25 28 Il
1814 4522 41 25 est
1870 4520 109 28 inutile
1997 4520 146 28 d'insiiter
2160 4528 48 20 sur
2233 4520 184 35 l'impulsion
2432 4531 57 27 que

1739 4564 37 19 ▼a
1791 4556 107 27 donner
1912 4564 37 19 au
1967 4564 157 19 commerce
2138 4558 28 25 et
2181 4557 15 26 h
2222 4558 63 25 ton*
2296 4557 41 27 les
2347 4558 141 28 élément*

1740 4590 103 30 ▼ilaux
1858 4590 33 27 de
1906 4591 28 27 la
1950 4593 125 32 capitale
2091 4591 37 28 du
2147 4590 118 31 Tonkln
2281 4592 206 30 l'installation

1739 4626 34 27 da
1787 4629 63 25 teu*
1861 4633 45 20 ce*
1923 4626 104 33 grandi
2039 4628 135 27 lervioe*.

2065 4688 92 32 Flotte

1775 4730 53 28 Les
1844 4731 170 34 garde-ofites
2042 4733 27 26 le
2096 4731 146 27 B*ueine»
2271 4733 28 27 et
2328 4733 26 27 le
2382 4733 105 38 Valmy

1739 4766 159 35 quitteront
1913 4766 96 35 Brest,
2022 4766 28 28 le
2062 4766 18 27 2
2105 4768 161 33 dâoembre,
2294 4775 71 27 pour
2396 4768 71 30 Cher-

1743 4804 96 33 bourg.

1775 4837 53 27 Les
1844 4837 165 33 torpilleur*
2023 4837 43 30 23
2080 4839 27 27 et
2124 4838 50 32 99,
2190 4840 110 27 venant
2328 4839 34 28 de
2389 4838 96 37 Corn,

1739 4877 66 24 sont
1819 4872 109 27 arrivés
1942 4872 17 27 à
1972 4872 123 31 Toulon,
2111 4874 27 28 le
2151 4873 45 28 18.

1775 4906 113 28 L'ltère
1902 4915 18 19 a
1933 4907 92 34 quitté
2041 4907 155 28 Rochefort
2211 4916 72 27 pour
2309 4909 125 28 Lorlent.

1778 4942 40 28 Le
1831 4942 48 30 Du
1892 4936 119 41 Chayla
2024 4950 17 20 a
2055 4943 94 34 quitté
2163 4943 230 38 Toulon,chargé
2405 4945 84 28 d'uni

1742 4977 119 27 million
1878 4980 105 26 secrète
1997 4985 48 20 aur
2060 4983 30 24 la
2104 4981 60 26 cOte
2177 4980 40 27 du
2232 4980 110 28 Maroe.

1791 5054 217 38 MARINE
2033 5056 72 35 DE
2130 5056 319 37 COMMERCE

1915 5138 200 33 Tarra-Neuva
2141 5139 30 32 «t
2200 5139 115 32 Manda

1774 5180 169 27 Arrivés.
2008 5180 26 30 A
2054 5180 77 28 Gran
2135 5183 80 30 ville,
2232 5183 27 30 A
2262 5183 64 31 lice,
2342 5190 28 21 o.
2392 5181 80 31 Petit-

1743 5225 58 26 pas,
1819 5222 107 24 venant
1942 5218 34 27 da
1990 5217 150 28 Bordeaux
2152 5225 8 25 ;
2177 5225 15 20 a
2215 5218 139 33 Morlaix,
2369 5218 117 34 Louise,

1741 5259 26 20 o.
1785 5252 145 32 Petitbon,
1944 5252 34 27 de
1993 5252 150 28 Bordeaux
2157 5261 7 25 ;
2179 5254 17 27 k
2220 5252 133 35 Féoamp.
2374 5252 94 37 Paque-

1741 5289 83 30 rette,
1841 5294 24 21 0.
1883 5287 119 31 Reeher,
2034 5287 243 33 Yoonne-Oiette,
2295 5297 25 19 o.
2349 5288 138 35 Leouyer,

1743 5322 111 33 Océan,
1871 5330 25 20 o.
1912 5322 96 27 Baral.
2026 5322 164 32 Richelieu,
2207 5330 25 20 o.
2259 5323 146 31 Baohetet,
2425 5329 63 25 ton*

1741 5357 34 27 de
1792 5356 149 30 Berdeaix
1956 5361 27 26 et
2002 5356 104 35 Union,
2134 5366 26 21 e.
2190 5357 106 35 Caro»,
2323 5359 34 28 da
2385 5357 86 32 Salai-

1742 5393 90 28 kfalo.

1778 5428 141 27 Partis.
2009 5428 43 28 De
2283 5428 150 35 Diamant,
2463 5439 25 21 a.

1743 5463 69 28 Brié
1824 5467 28 24 et
1865 5465 34 26 de
1913 5464 43 28 La
1983 5464 146 34 Koohelle,
2159 5464 236 35 Marie-Emilie,
2425 5465 43 30 An-

1742 5497 84 35 dréa,
1844 5506 69 26 ponr
1926 5499 195 27 Salnt-Malo.

1780 5546 17 25 l
1806 5552 48 20 ac
1871 5546 132 33 épave.
2068 5546 48 30 Un
2132 5546 77 30 doria
2223 5548 34 27 de
2271 5548 46 27 six
2334 5549 104 28 mitres
2452 5550 35 28 de

1743 5583 138 33 longue»
1896 5583 132 31 environ,
2044 5584 117 33 portant
2176 5584 15 26 k
2206 5591 51 19 son
2272 5588 90 24 avant
2383 5583 105 30 biberd

1742 5617 30 27 la
1786 5623 119 27 marque
1920 5620 30 24 n'
1967 5615 32 28 19
2015 5617 97 33 peinte
2125 5626 34 19 en
2177 5617 73 32 noir,
2267 5626 17 21 a
2297 5619 44 26 été
2356 5620 130 30 reoneilli

1742 5654 89 32 épave
1843 5660 48 19 sar
1904 5652 28 28 la
1943 5654 60 25 céle
2017 5652 34 27 de
2065 5650 126 30 Domino
2204 5652 73 35 (côté
2290 5655 80 26 oneit
2381 5654 34 27 de
2430 5655 59 27 l'lle

1742 5686 149 32 d'Oleron)
1919 5689 27 25 et
1976 5687 57 28 mis
2062 5688 65 27 bors
2158 5689 47 26 des
2233 5688 135 28 atteintes
2399 5689 33 27 de
2460 5689 28 30 la

1744 5730 72 19 mer.

1779 5756 47 28 On
1841 5764 85 27 pense
1955 5757 71 34 qu'il
2054 5765 17 21 a
2099 5759 44 27 été
2156 5757 102 30 enlevé
2278 5757 38 30 du
2331 5760 73 33 pont
2419 5760 69 28 d'un

1742 5792 195 28 terreneavier
1950 5799 52 26 par
2015 5799 39 20 nn
2070 5800 71 27 ooop
2157 5793 34 27 de
2205 5799 71 21 mer.

2028 5854 185 35 Lonq-Coura

1744 5897 22 13 T
1776 5897 171 30 Arrivée.
2027 5897 27 30 A
2080 5897 85 35 Hall,
2179 5897 270 38 Am«'ra/-Courbe<,
2464 5910 25 20 o.

1743 5933 132 37 Crtqaer,
1892 5936 110 26 venant
2016 5935 35 26 de
2066 5933 177 33 Melbourne,
2256 5936 15 24 k
2290 5934 67 28 Port
2375 5935 115 31 Talbot.

1742 5969 26 27 A
1796 5972 35 24 O.
1851 5968 119 27 Borde»,
1989 5976 14 19 e
2030 5969 120 28 Salann,
2167 5969 73 26 delà
2256 5968 130 35 Pallioe;
2402 5973 17 26 k
2432 5972 39 28 As-

1742 6004 73 27 toria
1839 6002 146 37 (Orégen),
2002 6004 111 35 Beltm,
2133 6011 25 20 ».
2185 6002 125 34 Minuet,
2335 6006 33 28 de
2393 6006 98 28 Saint-

1741 6039 124 28 Nezaire
1891 6043 26 25 et
1954 6040 144 32 François
2115 6038 120 35 Coppàe.
2264 6047 25 20 o.
2326 6040 102 33 Donet,
2458 6043 33 27 da

1743 6073 85 34 Hong
1845 6073 86 37 Kong
1951 6083 8 24 ;
1984 6076 17 26 k
2024 6073 139 30 Porlland
2196 6073 138 37 (Orégen)
2362 6076 129 31 Général

1747 6109 131 27 UtlUntt
1904 6117 25 20 o.
1955 6110 107 31 Hellio,
2085 6109 34 27 de
2141 6106 181 39 Hambourg,
2336 6112 18 27 k
2368 6111 119 34 Hobart,

1742 6144 201 33 Julet-Xerne,
1959 6152 26 20 o.
2002 6144 96 33 César,
2113 6143 34 28 de
2163 6143 110 30 Cardiff
2282 6144 30 35 (a
2326 6146 79 27 suivi
2419 6155 72 28 pour

1743 6178 196 33 Yokohama).

1778 6214 139 30 Partis.
1982 6214 41 28 Ds
2036 6213 122 34 Nantes,
2171 6213 276 38 Charte»-et-Max,
2464 6224 25 20 o.

1742 6249 149 35 Paaquler,
1899 6257 70 27 pour
1978 6250 30 27 la
2016 6248 194 34 Guadeloupe;
2220 6249 34 28 de
2265 6249 115 31 Marcas
2394 6250 94 33 Hoak,

1742 6283 26 30 A
1772 6282 96 32 lice-et
1883 6283 135 33 liaWf»,
2030 6291 25 21 e.
2072 6282 150 37 Bobehier,
2236 6292 69 27 rear
2320 6287 40 27 les
2373 6285 102 31 Satl's-

1747 6320 150 34 d'Olonne,
1911 6321 34 26 de
1969 6320 119 32 Hobart,
2104 6319 80 34 Asie,
2198 6327 25 21 e.
2250 6321 151 33 Ollivaad,
2421 6330 70 27 pour

1743 6354 133 38 l'Orégon
1897 6363 8 27 ;
1930 6354 157 37 d'lqulque,
2111 6354 180 38 Jacqueline,
2316 6365 70 26 pour
2406 6356 63 31 Dan-

1743 6391 115 34 ktrque.

1780 6426 118 27 Passé
1910 6432 52 20 en
1976 6431 85 21 m.
2143 6425 26 30 A
2185 6425 129 30 Donvres
2337 6425 154 31 Victorine

1744 6470 24 20 e.
1785 6462 162 32 Corbinais,
1962 6461 94 28 allant
2069 6461 35 28 de
2113 6459 44 31 La
2171 6461 111 31 Pallioe
2293 6463 17 28 k
2324 6462 128 30 Shielda.

1780 6510 150 27 Retour
1944 6510 54 26 da
2013 6508 122 30 brave
2147 6510 129 27 Beats.
2366 6509 40 30 Le
2425 6517 43 21 ma-

1743 6546 71 30 telot
1827 6546 102 32 Denis,
1943 6544 71 30 doit
2028 6553 72 21 noua
2125 6553 14 22 a
2141 6550 72 24 vola
2242 6547 116 28 monté
2383 6546 106 30 l'aven-

2550 208 64 26 tire
2627 208 17 27 à
2661 208 66 27 bord
2744 209 38 27 dn
2796 207 104 28 voilier
2917 206 119 37 Tottrny
3039 229 7 8 ,
3063 209 66 27 t'est
3144 209 156 35 embarqué

2550 248 72 28 pour
2636 244 30 26 la
2681 242 109 28 Franoe
2804 250 50 19 sur
2867 249 41 19 on
2923 244 260 34 transatlantique.

2583 276 91 28 Dsnis
2688 286 31 19 se
2733 278 69 27 rend
2813 280 18 25 k
2844 276 135 28 Sarzaau.
2995 285 50 20 son
3061 286 72 27 pays
3150 279 92 31 natal,
3261 280 37 28 où

2550 309 25 30 il
2589 313 131 28 attendra
2734 313 99 28 l'issue
2848 312 38 28 dn
2902 313 96 33 procès
3025 315 106 33 engagé
3157 317 97 26 contre
3268 315 30 28 la

2550 348 170 35 compagnie
2734 347 131 37 anglaise
2878 348 28 26 et
2922 347 168 28 l'armateur
3104 350 38 28 du
3157 348 135 37 Tourny.

2582 381 74 33 Quoi
2667 383 73 38 qu'il
2754 383 105 30 arrive,
2876 389 52 21 sou
2943 383 170 35 Intrépidité
3129 385 44 28 lui
3182 392 98 28 rappor-

2546 418 60 28 tera
2622 426 56 20 une
2694 419 73 27 belle
2781 425 123 21 somme.

2784 480 105 35 Pèche
2902 480 151 34 maritime

2578 523 56 28 Un
2647 524 210 32 naufrage.
2923 523 80 34 Hier,
3031 531 64 21 vert
3110 524 18 27 S
3144 527 99 28 heures
3260 528 34 27 de

2544 557 195 35 l'après-midi
2754 560 31 27 la
2798 559 142 33 ohaloupe
2954 557 33 30 de
3001 560 89 33 pèche
3113 560 100 35 Paris,
3228 563 50 27 lou-

2543 595 99 33 voyait
2675 596 64 33 près
2767 594 34 28 de
2829 592 210 37 Saint-Pierre,
3069 596 17 26 à
3111 596 122 28 «uviron
3252 606 39 19 un

2544 630 83 28 mille
2640 630 72 27 dans
2726 630 27 28 le
2770 630 53 27 sud
2837 630 34 26 de
2896 627 130 32 Larmor,
3047 630 167 37 lorsqu'une
3228 633 48 28 vio-

2542 663 76 30 lente
2633 665 89 28 rafale
2735 665 27 27 le
2777 666 33 26 fit
2824 664 135 28 ehavirer
2981 663 175 38 L'équipage
3175 674 97 27 compo-

2541 699 30 27 sé
2588 699 33 28 de
2635 699 18 27 5
2667 702 132 26 hommes
2825 699 45 28 fut
2898 699 129 28 recueilli
3058 707 53 26 peu
3138 702 34 27 de
3196 707 93 30 temps

2539 736 81 33 •près
2636 735 151 28 l'aocident
2804 742 51 27 par
2869 741 39 20 an
2924 733 50 30 bit
2976 742 51 20 cas
3043 736 50 35 qui
3110 744 30 19 se
3163 739 126 28 trouvait

2538 768 73 30 dans
2627 778 45 20 ces
2687 777 117 28 parages
2819 771 27 26 et
2862 771 118 26 ramené
2994 771 15 27 à
3025 769 131 30 Larmor.

2574 804 40 28 Le
2628 806 103 28 bateau
2747 813 18 20 a
2778 806 45 26 été
2836 806 112 26 ensuite
2962 807 149 33 remorqué
3135 807 18 28 A
3176 807 90 31 K«né-

2538 841 46 27 vel
2601 848 51 26 par
2666 849 57 19 une
2737 840 141 37 chaloupe
2891 840 34 28 de
2948 840 30 30 la
3001 841 115 30 déleasa
3132 843 109 30 mobile
3254 844 34 28 de

2537 873 228 32 Saint-Servai.

2826 939 176 39 Paquebots

2570 981 170 27 Arrivé*.
2818 981 26 28 A
2859 981 144 33 Allneria,
3020 983 132 35 Auguste-

2537 1015 60 34 br«,
2615 1020 107 26 venaat
2738 1017 34 28 de
2786 1016 150 31 Marseille
2946 1024 8 26 ;
2987 1019 15 27 k
3032 1017 253 37 Coaatantinopla,

2537 1052 184 33 Montaigne.
2748 1052 207 28 d'Alexandrie
2967 1061 8 25 ;
3004 1054 17 27 k
3035 1052 146 35 flirgeuti,
3206 1054 80 28 \iUe

2535 1085 35 30 de
2583 1087 185 37 Dunkerque.
2784 1088 34 27 de
2845 1088 109 34 Naples
2966 1096 8 25 ;
2995 1089 18 28 k
3039 1088 158 33 Lisbonne,
3227 1089 59 30 Lu-

2535 1122 152 32 Rochelle,
2702 1127 35 24 de
2761 1122 112 30 Cardiff
2887 1126 28 26 et
2942 1122 188 35 Atlantiiue,
3143 1124 94 30 allant
3252 1124 34 27 de

2535 1156 149 28 Bordeaux
2699 1157 15 26 k
2730 1157 221 34 Bnenos-Ayres
2962 1166 8 25 ;
2986 1160 18 27 k
3019 1159 148 33 Ruflsqns,
3202 1160 60 32 Gup-

2535 1192 47 30 tis.
2598 1192 34 27 de
2647 1192 162 28 Bordeaux.

2569 1235 141 26 Parti».
2778 1235 47 27 Du
2842 1235 106 32 Havre,
2974 1235 113 34 Uidoc,
3116 1246 71 27 pour
3210 1238 54 30 Bor-

2532 1272 92 27 deaux
2640 1273 27 25 et
2683 1270 154 27 Canarias
2864 1279 71 26 pour
2948 1271 180 37 Dunkerque
3137 1281 7 24 ;
3162 1274 34 25 de
3210 1273 53 30 Car-

2533 1307 130 28 tbagèoe,
2686 1304 74 30 Ville
2774 1304 35 30 de
2828 1305 181 35 Tamgone,
3026 1315 72 26 ponr
3122 1307 27 27 le
3163 1307 98 28 Havre
3274 1317 7 25 ;

2531 1341 34 28 de
2584 1341 83 34 Vlgo,
2683 1341 159 34 ifatapan.
2874 1341 94 28 allant
3000 1341 33 27 de
3063 1341 150 31 Bo*4eanx
3239 1352 37 20 au

2531 1376 106 31 Brésil,
2654 1378 27 25 et
2939 1377 94 27 allant
3047 1376 38 28 dn
3103 1376 98 30 Havre
3216 1380 17 27 k
3249 1381 28 27 la

2531 1411 86 28 Plata
2628 1419 8 26 ;
2653 1411 34 26 de
2701 1410 115 28 Buenoc
2829 1411 105 34 Ayrac;
2949 1411 131 33 Algérie,
3104 1419 72 27 pour
3198 1413 63 30 Mar-

2531 1446 80 28 seille
2622 1453 6 25 ;
2643 1446 34 26 de
2693 1444 100 28 Monte
2806 1446 103 32 Video,
2928 1446 79 28 Chili
3012 1468 6 8 ,
3033 1447 96 28 allant
3148 1447 34 27 de
3203 1447 59 31 Bne-

2531 1481 162 34 nos-Ayres
2708 1483 17 25 k
2744 1480 171 33 Bordeaux;
2930 1482 34 27 de
2983 1482 213 33 Pcrnambuco,
3223 1483 56 27 Le-

2531 1517 109 32 Brésil,
2655 1517 96 27 allant
2765 1517 34 26 de
2815 1517 150 28 Bordeaux
2993 1518 17 28 k
3032 1517 224 35 Bnenos-Ayres
3270 1527 8 25 ;

2530 1552 33 27 de
2580 1551 148 31 Colombo,
2744 1551 254 35 krmand-Bèhic,
3019 1554 92 26 allant
3141 1552 34 28 de
3202 1553 59 28 Nou-

2531 1587 64 27 méa
2609 1587 15 27 k
2639 1585 161 32 Marseille,
2816 1589 28 26 et
2859 1586 132 33 Sala:i*,
3008 1587 94 28 allant
3125 1587 34 27 de
3184 1587 78 28 Yoko-

2531 1623 85 27 hamk
2631 1623 17 26 k
2661 1620 163 32 Marseille)
2836 1622 34 26 de
2881 1620 106 30 Dakar.
3000 1622 163 37 Aquitaine
3167 1644 6 9 ,
3185 1624 94 28 allant

2530 1658 33 27 ùa
2577 1657 104 28 Saatos
2698 1658 15 25 k
2728 1656 164 31 Marseille;
2922 1658 34 27 de
2970 1658 155 33 Ténerife,
3149 1658 113 27 Le-Cal-

2531 1693 99 32 cades,
2647 1693 93 26 allant
2754 1691 34 27 de
2804 1691 149 28 Marseille
2967 1693 15 27 k
2999 1693 102 34 Colon,
3122 1694 28 26 et
3177 1693 83 30 Para-

2529 1736 93 27 guay,
2635 1727 94 27 allant
2745 1727 38 27 du
2794 1726 96 37 Congo
2904 1728 18 27 k
2936 1728 149 28 Pauillao.

2563 1762 123 27 Passé
2700 1767 51 21 en
2773 1768 91 22 vue.
2953 1763 26 27 A
3007 1763 54 27 Bar
3067 1763 80 33 leur,
3177 1763 102 30 Saint-

2530 1796 142 34 Laurent,
2689 1796 96 30 allait
2798 1798 34 26 de
2849 1796 91 31 Colon
2955 1805 37 20 au
3007 1796 109 31 Havre.

2835 1859 149 43 Cabotage

2528 1905 230 63 Naufrage
2773 1907 63 46 du
2856 1925 22 25 «
2897 1907 338 48 Pierre-Marie
3253 1928 21 24 »

2569 2001 43 33 Le
2639 2001 87 38 sloop
2753 1998 254 39 Pierrt-Marit,
3025 2003 158 38 oapitaine
3213 2003 43 31 Du-

2530 2042 87 30 rand.
2635 2040 39 32 de
2687 2040 194 39 Rtgneville,
2898 2042 135 37 quittait,
3058 2044 30 27 la
3102 2041 39 31 30
3155 2044 123 30 octobre

2529 2081 132 33 dernier,
2691 2080 107 38 Jersey
2837 2091 76 27 pour
2956 2081 214 35 Saint-Malo,
3202 2091 74 22 aveo

2530 2120 85 31 Mme
2631 2120 141 35 Durand,
2799 2121 115 30 femme
2940 2121 41 30 dn
3012 2122 167 35 oapitaine,
3197 2122 79 31 deux

2530 2161 139 28 hommes
2686 2160 184 39 d'équipsge
2883 2164 30 27 et
2926 2164 109 35 quatre
3050 2169 177 31 passagers.

2570 2199 128 38 Dépuis,
2715 2209 39 21 on
2770 2200 74 30 était
2858 2207 73 22 sans
2947 2203 161 27 nouvelles
3132 2202 44 30 dn
3189 2202 70 31 navi-

2530 2246 31 24 re
2572 2244 28 25 et
2615 2243 66 27 tont
2694 2239 105 31 faisait
2815 2241 305 31 malheureusement
3133 2241 144 32 craindre

2529 2278 74 39 qu'il
2621 2287 31 22 se
2662 2280 58 31 soil
2735 2280 98 38 perda
2850 2288 89 31 oorps
2954 2283 28 28 et
2999 2280 99 32 biens.

2570 2317 47 31 Ec
2633 2319 80 35 eflet,
2731 2328 38 22 en
2785 2323 137 26 rentrant
2949 2328 40 21 au
3018 2323 69 34 port
3103 2320 89 31 lundi
3216 2328 43 22 ma-

2530 2357 56 35 tin,
2602 2359 31 30 la
2648 2359 110 31 bateau
2776 2359 93 38 pilote
2882 2363 34 25 n°
2931 2359 32 34 2,
2982 2359 38 32 de
3046 2357 93 33 Saint
3158 2359 117 38 Héiier,

2531 2406 15 21 a
2565 2398 149 37 reoneilli,
2733 2398 123 32 flottant
2870 2407 39 22 an
2926 2400 85 37 large
3024 2399 38 31 de
3078 2400 30 30 la
3123 2400 105 37 pointe
3241 2400 38 30 de

2531 2437 176 37 Noirmont,
2739 2441 27 27 le
2786 2438 135 31 cadavie
2948 2439 93 30 d'une
3065 2439 116 31 femme
3196 2439 79 31 dans

2531 2485 41 22 nn
2587 2479 61 28 état
2662 2478 38 31 de
2715 2478 246 38 déoomposition
2978 2478 69 37 déjà
3072 2487 85 22 assez
3182 2487 76 22 avan-

2530 2518 46 28 cé.

2570 2556 44 32 Le
2628 2565 102 31 oorps,
2748 2559 126 28 ramenô
2889 2559 19 27 k
2924 2561 87 32 terre,
3030 2567 18 21 a
3072 2559 45 28 été
3141 2565 138 24 reoonnn

2531 2606 54 27 par
2597 2597 52 30 des
2666 2598 103 30 lettres
2785 2598 141 28 trouvées
2941 2598 79 30 dans
3050 2598 44 30 les
3111 2598 115 37 poches
3241 2598 38 31 de

2531 2637 30 28 la
2574 2637 97 37 noyée
2686 2644 77 30 pour
2778 2637 61 30 dire
2855 2637 80 31 oelui
2954 2637 39 30 de
3020 2636 85 32 Mm«
3135 2637 142 31 Durand.

2570 2675 50 31 Ou
2654 2676 106 38 iguore
2789 2679 28 28 le
2844 2685 73 21 nom
2948 2678 52 30 des
3018 2685 175 31 passagers.
3220 2678 59 31 Les

2531 2724 89 31 oorps
2635 2717 53 31 des
2702 2720 102 26 antres
2819 2717 142 31 victimes
2978 2717 43 30 dn
3035 2717 128 32 sinistre
3194 2718 86 31 n'ont

2531 2764 56 31 pas
2602 2758 46 30 èt6
2663 2758 168 30 retrouvés.

2571 2794 44 32 Le
2629 2797 107 31 navire
2752 2796 196 38 appartenait
2961 2796 18 30 à
2998 2794 48 31 M.
3072 2796 154 39 Paignon,
3242 2797 38 32 de

2532 2835 172 32 Granville.

2567 2901 170 28 Arrivés.
2798 2901 26 28 A
2852 2901 63 30 l'lle
2935 2901 96 34 Tudy,
3058 2909 14 17 «
3089 2902 176 30 Charles-Al-

2532 2937 59 27 fred
2608 2946 25 20 »,
2650 2940 107 26 vacant
2772 2939 33 26 da
2819 2937 111 28 Nantes
2943 2946 6 24 ;
2965 2946 37 18 au
3018 2937 102 34 Légué,
3138 2946 13 17 a
3170 2937 111 28 Bonne-

2532 2972 87 32 Mère,
2640 2982 13 14 »
2668 2973 39 27 da
2720 2973 106 28 Gaildo
2839 2980 7 25 ;
2861 2974 17 25 à
2901 2973 148 31 Launioa,
3078 2981 14 15 «
3110 2973 130 28 Mélanie
3255 2981 26 24 »,

2532 3008 33 27 da
2582 3007 158 28 Pantrienz
2753 3017 6 22 ;
2776 3009 15 25 à
2817 3000 206 35 l'Ahervrao'h.
3054 3014 15 18 «
3084 3007 15 30 J
3117 3007 21 30 S
3155 3008 25 27 D
3196 3018 25 20 ».
3249 3011 34 26 de

2532 3044 200 27 Noirmouller
2744 3051 6 22 ;
2766 3045 15 25 à
2798 3044 116 33 Pânerf,
2929 3052 13 14 «
2955 3044 44 26 M.
3014 3043 26 28 J.
3057 3044 38 26 A.
3111 3052 26 21 »,
3155 3044 38 27 du
3209 3044 72 27 Pou-

2533 3079 97 33 Hguen
2646 3086 7 24 ;
2668 3079 17 26 fc
2700 3078 169 28 Poatrieux.
2885 3086 15 17 «
2917 3078 263 32 Charles-Amélie,
3214 3089 14 14 »
3249 3080 33 26 de

2533 3113 214 28 Saint-Sarvan
2761 3122 7 22 ;
2797 3122 58 19 aax
2883 3113 111 33 Sables,
3033 3120 13 18 «
3076 3113 91 35 Nelly
3196 3122 28 27 »,
3249 3116 34 26 de

2536 3149 80 27 Brest
2629 3157 6 24 ;
2653 3150 15 26 à
2682 3149 93 32 Breat,
2793 3155 14 20 a
2832 3149 148 32 Reindier,
2998 3157 14 15 »
3040 3149 34 26 de
3100 3149 162 34 Southamp-

2533 3188 47 24 ton
2595 3191 7 22 ;
2617 3185 17 26 à
2649 3184 126 32 Lorieni,
2793 3190 13 19 R
2824 3183 169 34 Printemps
3024 3191 22 22 »,
3065 3184 38 26 da
3133 3184 128 28 Pellerin
3274 3194 7 25 ;

2533 3227 37 20 an
2587 3220 104 26 Havre.
2711 3227 14 17 «
2740 3219 89 27 Saint
2842 3219 104 34 Joseph
2963 3227 24 22 »,
3005 3220 34 26 de
3053 3219 190 35 ûunkerque.

2568 3254 97 28 Port
2679 3254 50 26 de
2745 3255 51 25 La
2811 3253 202 28 Rochelle.
3092 3254 190 31 Mouvement

2533 3291 37 26 dn
2587 3291 31 26 18
2633 3299 35 18 an
2686 3289 31 27 IV
2733 3289 155 27 novembre
2904 3298 6 19 :

2570 3325 118 28 Entrées
2706 3333 6 19 :
2728 3325 44 28 St.
2792 3326 33 26 fr.
2844 3332 13 19 «
2875 3325 373 33 Mu«lapba-B«n-Isms,ïl,
3268 3334 14 18 a

2533 3370 27 19 o.
2581 3360 117 35 Moyon,
2714 3361 33 27 de
2777 3360 226 30 Saint-Nazaire
3014 3370 6 24 ;
3047 3369 14 17 «
3079 3360 91 30 Isabel
3201 3370 26 26 »,
3256 3370 25 20 o.

2535 3396 100 34 Mony,
2653 3399 33 24 de
2701 3396 210 34 Mostaganem.

2569 3431 107 30 Sorties
2694 3439 7 20 :
2717 3430 44 31 St.
2777 3431 124 28 suédois.
2931 3439 13 15 «
2976 3430 194 31 Commercial
3200 3441 27 25 »,
3256 3441 25 20 e-

2532 3468 155 31 Jobenron,
2706 3475 70 26 pour
2790 3465 139 30 Swansea
2941 3474 7 24 ;
2962 3468 37 26 st.
3015 3468 37 26 tr.
3069 3475 14 17 «
3099 3468 92 27 Maria
3209 3475 25 26 »,
3257 3475 25 21 o>

2536 3503 172 27 Palvadeau.
2728 3509 70 26 ponr
2812 3502 149 27 Bordeaux
2972 3507 50 26 ;st
3060 3503 79 33 angl.
3167 3510 14 17 a
3207 3503 57 28 Con-

2535 3542 56 24 seil
2606 3546 24 21 a,
2648 3546 24 20 a.
2688 3537 105 33 Lucas,
2811 3546 69 25 ponr
2896 3536 112 31 Bilbao,
3025 3540 35 26 st.
3079 3537 33 27 fr.
3130 3546 13 14 «
3159 3537 123 28 Rollona

2535 3581 25 20 o.
2574 3573 165 27 Bunollaud
2766 3580 71 26 pour
2854 3573 162 26 Roohsfort.

2570 3608 52 28 L'S
2639 3615 122 27 vapeurs
2773 3608 34 26 de
2823 3608 87 33 pêohe
2926 3607 230 28 Saint-Antoine
3170 3607 94 28 de-Pa-

2536 3643 83 28 doue,
2636 3644 38 27 du
2689 3646 63 31 port
2767 3644 33 26 de
2830 3643 236 30 Stint-Nazaire,
3098 3646 26 24 et
3152 3644 131 31 Damier,

2536 3679 37 26 du
2591 3683 60 28 port
2667 3680 34 26 de
2714 3678 122 33 Nantes,
2852 3680 65 25 soit
2933 3679 94 27 entrés
3043 3678 72 28 dans
3131 3678 26 27 le
3185 3678 98 28 bassin

2537 3715 79 25 neuf.

2574 3788 172 31 PETITE
2779 3787 476 32 CORRESPONDANCE

2574 3872 43 28 M.
2633 3872 98 28 Maré.
2806 3872 139 26 Reoevrez
2975 3873 135 25 numéros
3130 3880 51 26 pu
3208 3875 79 31 poste

2545 3906 184 37 aujourd'hui
2744 3908 27 26 et
2799 3906 130 28 illuitréi
2959 3914 51 26 par
3037 3906 188 35 colis-postal.
3240 3907 45 30 M.

2541 3941 151 30 Guinard.
2770 3940 91 34 Soyez
2887 3943 110 27 samedi
3025 3941 226 34 Saint-Scrvan,
3267 3951 19 27 y

2542 3986 123 20 recevrez
2692 3978 202 27 Initruotioui.
2921 3979 37 25 M.
2985 3977 34 26 F.
3033 3977 54 27 J...
3105 3977 181 37 Guingamp.

2591 4013 78 28 MM.
2686 4013 41 27 le«
2741 4012 255 28 administrateur!
3011 4012 33 26 de
3059 4012 28 28 la
3116 4013 104 28 looiété
3241 4015 46 27 La

2541 4048 148 33 Basoche,
2702 4056 50 20 me
2767 4048 171 33 Monaigny,
2955 4046 46 34 13,
3017 4048 94 28 Paria.

2659 4492 100 32 PAR

2567 4535 293 41 TÉLÉPHONE

2564 4649 93 38 Paris
2689 4650 44 34 22
2757 4651 156 32 nov«mbra
2933 4651 115 35 1901,1
3065 4652 91 32 hturt
3176 4655 89 31 matin

2598 4165 330 72 DEUXIEME
2974 4162 265 74 EDITION

2549 4328 586 105 Dernière

2881 4463 404 128 Heure

2720 4729 60 30 Au
2803 4729 126 35 Congo
2946 4728 174 37 Français

2877 4778 159 30 Brnxellai,
3053 4778 33 27 21
3100 4779 152 28 noTembre

2587 4819 150 56 D'après
2758 4819 47 35 les
2816 4819 193 45 journaux
3037 4820 111 46 belges
3182 4821 83 35 d'au-

2541 4864 109 45 jourd
2663 4864 61 34 hui
2741 4864 44 35 de
2802 4874 130 41 graves
2952 4865 189 34 désordres
3156 4877 38 24 se
3229 4877 39 25 se-

2543 4907 115 35 raient
2674 4909 164 45 produits
2858 4919 47 24 au
2920 4909 122 45 Congo
3060 4909 182 43 français.

2581 5008 78 30 Nos
2676 5006 156 40 députés
2848 5010 35 27 «t
2896 5007 37 32 la
2949 5007 139 32 motion
3104 5008 148 31 Sembat

2583 5060 83 32 MM.
2685 5060 155 37 Basillon,
2859 5061 100 37 Brice,
2992 5061 117 34 Broie,
3144 5062 142 35 Saroouf,

2543 5105 53 27 ont
2613 5104 67 27 volâ
2694 5105 106 27 oonlre
2815 5102 31 28 la
2861 5101 117 30 motion
3006 5101 128 32 Sembat
3161 5102 126 31 tendant

2543 5143 18 27 à
2585 5141 144 35 ajourner
2759 5141 31 28 la
2816 5140 177 31 ditcunion
3018 5141 53 31 det
3097 5140 123 32 arlielei
3249 5143 40 30 du

2546 5180 96 38 projet
2682 5179 38 32 de
2754 5179 43 31 loi
2833 5180 103 31 relatif
2965 5183 18 27 fc
3018 5180 169 38 l'emprunt
3223 5181 50 30 chi

2544 5222 79 30 nui».

2583 5258 58 31 Les
2667 5262 100 27 aulrei
2793 5258 128 39 députés
2944 5258 279 33 d'ille-er'Vilaine
3237 5264 52 27 ont

2544 5307 19 24 T
2574 5303 38 25 )iô
2626 5306 87 31 pour.

2578 5336 46 31 Oa
2644 5339 54 27 sait
2713 5343 54 28 que
2779 5336 30 28 la
2828 5336 145 31 Chambra
2996 5346 17 20 a
3039 5340 129 33 repoussé
3189 5339 27 31 la
3233 5347 38 22 mo-

2543 5374 63 28 tion
2621 5372 120 31 Sembat
2758 5381 50 26 par
2820 5370 53 30 263
2888 5375 94 27 oontre
2995 5373 64 28 204.

2681 5421 195 31 Curieuses
2900 5421 244 38 expériences

2585 5474 159 32 Plusieurs
2763 5479 126 27 lav&nti
2913 5476 124 31 avaient
3052 5477 143 38 organisé
3223 5478 66 31 hier

2543 5523 61 22 une
2619 5515 77 31 strie
2720 5515 214 31 d'ascensions
2953 5524 74 21 aveo
3041 5518 28 28 le
3084 5525 150 21 conooars
3249 5519 37 31 de

2543 5552 222 37 YAreo-Club,
2781 5556 18 28 k
2815 5554 139 31 l'rffjtde
2969 5555 77 31 faire
3061 5556 53 31 des
3130 5557 142 38 expérien-

2544 5602 51 22 ces
2611 5602 53 21 sar
2680 5594 28 30 ia
2726 5594 183 31 circalation
2926 5598 28 27 et
2969 5596 31 28 la
3026 5597 207 37 composition
3247 5597 43 31 da

2544 5641 90 26 sang.

2543 5670 92 32 ??Un
2652 5672 131 38 premier
2797 5673 105 31 ballon
2917 5674 28 31 le
2962 5673 67 34 Quo
3047 5672 96 32 Vadi»
3167 5675 77 30 daua
3260 5675 30 30 la

2541 5713 120 33 ■t-eila
2700 5715 112 34 duquel
2850 5713 123 32 avaient
3011 5715 63 37 pria
3094 5715 89 38 place
3206 5715 80 31 MM.

2544 5753 119 37 Henry,
2681 5751 237 39 Cahagaramen
2934 5759 27 25 et
2978 5754 139 38 Ltpique
3138 5759 45 26 est
3208 5757 78 34 parti

2543 5791 39 32 de
2595 5790 102 35 Paria;
2713 5791 21 30 il
2748 5799 18 21 a
2778 5792 103 30 atterri
2893 5800 18 21 a
2921 5792 202 37 Troyesdani
3132 5793 31 30 la
3178 5793 107 35 loirée,

2584 5831 44 31 Ce
2649 5832 63 28 soir
2726 5839 39 22 on
2781 5839 18 21 a
2812 5832 132 37 prooédé
2957 5832 79 31 dana
3052 5835 28 27 le
3100 5832 110 32 Jardin
3234 5833 52 31 djs

2544 5870 150 32 Tuileries
2711 5878 40 21 an
2765 5871 189 35 gonflement
2967 5871 43 31 da
3030 5870 103 38 Titan,
3150 5871 43 32 da
3208 5871 66 32 Ccn

2544 5910 90 30 taure
2647 5914 28 27 et
2689 5910 38 32 de
2740 5901 116 40 VÀrot.
2875 5908 70 34 Une
2959 5910 83 33 foule
3053 5914 125 30 énorme
3194 5914 77 30 assis-

2545 5949 53 31 tait
2611 5950 20 31 à
2643 5949 191 39 l'opération.

2587 5988 85 32 Dins
2688 5992 30 27 la
2744 5989 119 31 naoelle
2885 5989 38 31 de
2948 5989 110 31 l'&ro*
3071 5991 124 32 avaient
3221 5992 65 39 pria

2545 6028 89 37 place
2648 6028 45 31 M.
2708 6028 154 32 Castillon
2876 6031 39 28 de
2943 6028 210 33 Saint-Victor
3181 6034 27 28 et
3242 6033 44 31 le*

2545 6069 141 31 docteur*
2701 6069 103 31 Tissot
2818 6073 30 26 et
2864 6067 133 38 Hallior,

2585 6106 58 33 Ces
2660 6109 164 31 messieurs
2838 6110 206 35 emportaient
3069 6119 74 22 aveo
3169 6119 60 22 eux
3241 6119 45 24 nn

2546 6145 90 33 chien
2648 6151 195 27 lerre-oeave
2856 6148 20 31 k
2889 6148 53 37 qui
2959 6157 40 21 on
3019 6150 85 31 avait
3130 6154 97 35 coupé
3241 6152 44 30 les

2544 6185 113 32 artères
2672 6187 164 32 fémorales
2850 6190 28 27 et
2894 6187 162 33 oaretides.

2585 6224 43 32 Le
2656 6229 158 27 Centaure
2842 6227 70 30 s'est
2946 6229 85 30 élevé
3045 6229 18 28 à
3078 6230 15 27 1
3126 6230 19 30 h
3176 6230 54 35 10;
3261 6230 22 30 il

2544 6267 164 35 emportait
2725 6266 43 31 M.
2783 6267 27 31 le
2823 6269 99 27 comte
2940 6266 118 32 Levaur
3086 6273 30 27 et
3143 6269 43 32 les
3215 6270 51 30 doo-

2545 6308 80 26 teurs
2641 6305 168 39 Raymond
2823 6309 28 28 et
2870 6305 129 32 Pottier.

2587 6344 81 31 Pour
2691 6348 80 28 leurs
2786 6346 197 40 eipérienoes
3008 6347 45 31 lea
3079 6352 124 28 savants
3231 6352 53 28 ont

2544 6386 137 35 emporté
2695 6386 54 31 de<
2765 6386 130 39 cobayes
2908 6391 30 24 et
2949 6386 54 31 des
3019 6386 112 39 lapins.

2585 6422 104 35 ILAu,
2707 6422 15 39 à
2738 6422 15 39 1
2769 6422 32 39 h.
2830 6425 47 35 40,
2908 6424 46 33 M.
2992 6425 157 34 Faraman
3182 6431 30 28 et
3239 6429 44 32 las

2545 6462 138 32 docteurs
2696 6463 72 41 Jwly
2784 6470 27 26 et
2830 6467 110 38 Bonny
2954 6471 53 25 ont
3024 6467 61 38 pris
3104 6469 86 38 plaoe
3203 6468 79 32 dans

2543 6502 33 32 la
2589 6506 118 31 nacelle
2722 6506 43 31 da
2784 6504 94 32 T*ian
2891 6507 53 37 qui
2960 6507 45 30 eal
3028 6508 78 35 parti
3135 6508 144 31 aaaailôt.

2583 6541 51 34 On
2647 6552 39 25 ne
2700 6543 58 33 sait
2771 6553 111 24 enoore
2896 6546 38 30 où
2949 6544 39 31 ila
3002 6549 54 27 ont
3069 6548 115 30 allerri.

3443 210 168 44 Dernières
3647 214 158 41 aoavelles
3846 215 172 40 maritimes

3353 296 53 32 Le
3422 307 17 21 a
3458 300 100 32 Saint
3572 300 159 33 Laurent
3746 311 15 21 »
3778 305 34 30 et
3839 304 34 31 la
3894 313 17 21 «
3930 302 132 32 Savoie
4080 313 14 21 »

3670 353 40 30 La
3726 356 104 34 Havr»,
3846 356 32 31 21
3895 357 164 30 aovtmbre.

3392 396 44 32 Le
3451 397 248 33 Sëint-Laurtnt
3702 422 7 13 ,
3725 406 115 26 venait
3866 403 38 31 de
3932 402 99 31 Colon
4048 406 45 27 eal

3351 438 85 30 entré
3445 437 78 32 dana
3539 444 87 27 notre
3650 443 78 35 port,
3749 441 18 30 k
3788 442 31 30 la
3834 444 103 30 marée
3963 443 39 30 de
4019 442 73 31 troia

3352 475 119 32 heure»,
3490 487 33 24 oe
3544 480 110 31 malin.
3681 478 51 32 An
3754 489 130 31 panage
3912 483 38 30 de
3979 490 35 22 ee
4037 490 35 22 na-

3351 515 64 30 vire
3428 516 19 28 à
3463 516 275 33 Fort-de-Franee.
3757 521 43 30 lea
3828 523 141 30 nomméa
3992 522 79 30 Char-

3350 555 43 31 lea
3407 555 146 34 Joncourt
3569 563 28 27 et
3614 559 103 32 Emile
3731 557 92 38 Joria,
3841 567 52 25 ont
3914 562 119 31 d&aerlé
4048 562 40 30 dn

3350 594 85 31 bord.

3389 634 26 30 11
3430 644 18 21 &
3463 638 135 37 rapatrié
3621 639 194 37 quranle-iix
3827 640 171 37 militaire*,
4015 641 72 32 dont

3347 673 80 32 seiie
3461 680 117 28 lortant
3612 679 38 31 de
3686 678 141 39 l'hôpital
3865 679 38 32 de
3944 679 72 33 Port
4031 680 54 32 de-

3347 712 131 33 France.

3385 751 44 33 Le
3441 762 141 25 nouveau
3598 758 259 39 traasatlantiqno
3883 758 46 32 La
3952 758 126 39 Savait,

3345 794 79 38 parti
3441 794 38 30 de
3493 795 185 33 New-York
3693 798 28 31 le
3737 797 37 31 14
3797 800 165 32 novembre
3976 803 17 27 i
4009 800 77 31 midi

3344 842 19 20 a
3376 835 47 27 été
3438 834 119 35 signalé
3572 844 33 24 ce
3630 837 60 31 toir
3716 839 18 30 à
3748 840 19 28 4
3793 837 119 38 heure*,
3943 849 60 21 aux
4028 842 58 28 lia*

3345 873 109 38 Soilly.
3472 874 26 30 II
3511 875 61 31 fera
3589 876 81 31 dono
3699 880 103 28 marée
3827 878 125 32 demain
3980 881 97 30 matin

3343 914 90 35 aprèi
3448 921 60 21 une
3524 914 78 32 belle
3617 920 162 27 traversé*.
3798 917 25 31 Il
3850 927 18 19 a
3891 921 18 27 k
3924 927 56 22 ton
4009 920 74 30 bord

3343 953 128 31 environ
3484 953 59 30 450
3560 963 170 30 passager*,
3748 958 73 31 dont
3836 958 37 30 77
3898 960 181 37 première*.

3396 1000 41 22 bk
3461 992 241 33 Hautepibrre.

3426 1082 165 45 Dernières
3619 1087 161 43 loivellts
3813 1089 177 50 régionales

3438 1175 126 32 Triste
3583 1179 174 30 accident
3771 1179 47 31 de
3831 1182 151 30 voiture

3724 1227 107 34 Callae,
3846 1230 32 27 21
3893 1232 154 27 novambre

3380 1266 172 40 M.Joseph
3583 1272 178 38 Guénégou,
3800 1273 56 38 âgé
3889 1276 37 30 de
3939 1276 40 30 43
4012 1285 66 26 ans,

3339 1306 187 31 oultivatear
3540 1310 18 28 à
3575 1310 204 38 Kerminoret,
3796 1320 38 24 en
3850 1312 122 37 Callac,
3999 1315 65 38 quit-

3339 1345 56 31 tait
3409 1355 58 22 son
3481 1346 145 34 domicile
3643 1359 76 28 pour
3748 1359 32 24 se
3807 1354 109 31 rendre
3930 1356 19 28 à
3972 1355 107 30 Callac

3337 1393 76 24 aveo
3428 1384 39 32 50
3481 1387 98 38 fsgou
3595 1390 77 31 dans
3681 1400 60 21 une
3755 1391 149 32 oharrelte
3918 1395 109 31 attelée
4042 1395 38 31 de

3338 1424 18 30 2
3369 1426 139 30 chevaux
3524 1429 105 35 quand
3644 1437 51 22 ces
3720 1430 137 32 derniers
3886 1439 52 25 ont
3964 1434 99 31 subite-

3338 1469 84 26 ment
3438 1467 61 35 pris
3514 1469 28 28 le
3557 1472 57 26 trot
3626 1473 28 26 et
3669 1478 31 24 se
3715 1474 69 27 sont
3794 1475 133 34 engagés
3943 1473 78 31 dans
4037 1482 43 22 un

3338 1505 74 37 petit
3428 1506 124 31 chemin
3566 1514 94 25 creux
3676 1514 39 25 où
3730 1511 21 30 il
3767 1511 94 31 exisie
3878 1521 59 21 une
3952 1514 66 30 côle
4030 1521 31 21 ra-

3337 1544 81 37 pide.
3438 1545 25 28 I!
3478 1547 44 28 les
3539 1554 17 20 a
3569 1547 97 28 suivis
3683 1558 52 21 sur
3750 1559 43 21 un
3821 1560 146 28 paroeurs
3993 1553 67 31 d'en-

3337 1583 87 31 viron
3441 1584 54 31 100
3509 1586 109 31 môtres
3633 1596 38 22 en
3686 1596 145 32 essayant
3857 1591 38 30 de
3924 1592 44 30 les
3992 1592 67 30 arrê-

3337 1625 53 32 ter,
3409 1625 79 27 mais
3504 1630 64 25 tout
3581 1626 18 28 à
3614 1635 79 30 coup
3707 1628 20 31 il
3742 1638 19 20 a
3774 1638 71 27 reçu
3860 1631 77 30 dans
3967 1632 28 30 le
4019 1632 54 30 dor

3337 1670 41 21 nn
3394 1671 78 30 coup
3487 1664 39 30 de
3540 1664 154 33 brancard
3709 1668 39 30 de
3761 1677 32 20 sa
3809 1670 119 32 voiture
3954 1671 53 38 qui
4035 1671 40 31 l'a

3337 1702 113 37 projeté
3465 1704 30 28 la
3509 1704 67 31 face
3591 1710 105 26 contre
3712 1711 86 27 terre.

3376 1741 83 32 C'est
3471 1744 77 28 dam
3569 1750 77 25 celte
3661 1747 133 37 poiition
3819 1757 59 28 que
3904 1760 33 20 sa
3952 1752 123 34 femme,

3334 1780 52 39 qai
3416 1783 119 30 coaràil
3556 1786 85 28 aussi
3666 1786 132 32 derrière
3829 1793 31 26 la
3885 1791 128 33 voilure,
4038 1791 40 31 l'a

3347 1824 96 28 roavé
3458 1831 129 30 preique
3611 1826 148 31 inanimé.
3778 1826 67 33 Bile
3868 1830 38 30 l'a
3931 1832 99 30 relevé
4051 1835 27 25 ■>

3335 1864 171 34 iraoïporié
3535 1866 17 26 à
3575 1872 57 24 ion
3660 1865 146 33 domicile
3831 1869 87 32 aidée
3943 1870 37 31 de
3998 1871 79 31 deux

3334 1905 100 26 autres
3457 1910 165 30 personnes
3650 1913 167 24 icoonroei
3842 1911 15 25 à
3887 1917 46 22 ie*
3960 1911 116 38 appeli,

3334 1941 79 31 maii
3430 1942 21 30 il
3468 1950 18 21 a
3500 1943 106 38 expiré
3621 1955 59 21 une
3697 1945 93 32 heure
3807 1948 70 38 plui
3893 1950 78 30 lard.

3373 1981 44 30 Le
3441 1982 201 33 malheureux
3678 1988 182 30 oullivateur
3889 1989 91 32 laine
4013 1997 60 24 une

3334 2028 98 25 veuve
3450 2024 27 28 el
3491 2022 73 31 trois
3578 2024 136 31 enfants.

3406 2113 57 45 La
3495 2128 170 45 guerre
3692 2131 57 32 en
3778 2118 236 48 Colombie

3561 2225 105 31 Prise
3681 2226 46 31 de
3744 2229 112 28 Colon

3373 2276 44 32 Le
3438 2277 116 31 Sw.het
3576 2287 94 31 ayant
3697 2282 41 30 dû
3763 2283 112 38 quiller
3891 2285 97 30 Colon
4005 2295 76 28 pour

3334 2322 188 33 transporter
3537 2321 52 30 des
3605 2321 138 32 malades
3767 2326 18 27 à
3809 2323 272 40 Fort-de-France?

3334 2356 44 30 les
3393 2357 143 37 insurgés
3550 2367 32 24 se
3598 2365 70 27 sont
3680 2365 142 35 emparés
3847 2365 38 30 de
3908 2363 102 34 Colon
4026 2375 51 21 sur

3334 2405 50 22 oes
3399 2399 185 31 entrefaites.

3374 2435 44 31 Le
3432 2444 241 31 gouvernement
3697 2441 85 30 vient
3810 2444 37 31 de
3869 2445 208 39 télégraphier

3334 2484 40 21 au
3392 2478 222 32 commandant
3628 2479 38 31 de
3679 2481 30 28 la
3724 2481 137 33 division
3888 2490 112 27 nbvaie
4019 2487 17 27 à
4052 2489 28 27 !a

3337 2515 190 40 Martinique
3554 2518 164 39 d'envoyer
3745 2530 40 21 un
3813 2523 135 32 oroiseur
3976 2526 18 28 à
4022 2525 44 31 Co

3335 2556 63 34 lon,
3417 2564 77 30 pour
3510 2561 137 35 protégsr
3663 2569 53 21 nos
3732 2562 169 32 nationaux
3927 2568 27 27 et
3972 2574 91 22 sauve-

3334 2595 111 37 garder
3461 2606 57 22 nos
3531 2597 135 31 intérêts.

3494 2676 40 41 La
3554 2676 117 44 Siarrc
3690 2679 40 40 ta
3750 2679 171 44 Truand

3542 2761 80 31 Une
3646 2771 14 20 «
3680 2763 157 32 victoire
3860 2773 15 20 »

3681 2816 135 28 Londres.
3833 2817 32 27 21
3882 2818 163 30 novembre.

3379 2846 98 35 Lord.
3497 2849 190 35 Kitchener
3706 2851 213 45 télégraphié
3933 2855 43 33 de
3990 2856 69 33 Pré-

3339 2891 91 33 toria
3462 2902 66 34 que
3561 2894 31 34 le
3624 2895 208 34 commando
3860 2897 105 45 Buye
3991 2908 22 24 a
4032 2900 51 34 été

3338 2940 156 40 capturé,
3516 2941 103 40 après
3640 2940 100 33 avoir
3761 2944 143 41 attaqué
3921 2953 45 22 un
3986 2942 77 34 déta-

3339 2980 155 34 chement
3513 2980 44 35 de
3572 2983 72 33 100
3660 2982 152 37 hommes
3831 2987 84 43 près
3937 2986 43 34 de
4004 2987 57 33 Vil-

3339 3024 188 46 liersdorp.

3381 3069 66 33 Let
3465 3073 116 40 pertes
3601 3071 59 33 de*
3690 3072 154 45 Anglais
3866 3078 78 31 sont
3959 3076 102 34 incon-

3339 3122 94 21 nues.

3374 3209 162 31 RENNES
3552 3211 39 28 du
3606 3213 33 28 16
3653 3215 185 28 novembre—
3843 3216 136 31 Froment
3986 3220 40 27 les
4035 3219 50 27 100

3340 3244 74 28 kilos
3431 3254 7 19 :
3456 3247 33 26 19
3504 3248 71 27 fr.»»
3601 3249 17 26 à
3646 3248 33 28 (0
3698 3250 34 27 fr.
3762 3252 58 33 00;
3848 3254 103 26 avoine
3979 3254 26 27 la
4035 3254 50 27 100

3340 3280 74 28 kilos
3445 3280 32 28 1S
3489 3282 32 27 fr.
3540 3282 34 27 25
3588 3286 13 25 à
3617 3283 35 28 00
3670 3286 35 27 fr.
3722 3285 33 28 00
3770 3293 7 26 ;
3800 3295 63 27 orge
3875 3289 40 27 les
3932 3288 50 28 100
4010 3291 74 27 kilos

3339 3317 33 26 14
3400 3317 34 27 fr.
3464 3318 34 27 50
3526 3319 14 26 k
3554 3318 34 27 00
3604 3320 38 28 fr.
3665 3317 11 35 C
3687 3317 11 35 0
3710 3317 11 35 ;
3738 3325 124 26 sarrazia
3888 3326 39 26 le»
3947 3325 47 27 100
4010 3326 74 26 kile«

3340 3350 33 28 13
3385 3352 33 27 fr.
3433 3352 34 27 00
3483 3354 17 26 k
3514 3353 34 27 00
3562 3354 35 27 fr.
3609 3354 44 31 00;
3672 3357 89 27 farine
3829 3359 78 32 quai.
3921 3359 33 26 26
3971 3361 24 26 (r
4020 3365 15 22 a
4051 3359 33 30 00

3339 3386 34 27 00
3385 3394 6 22 ;
3419 3386 19 27 2
3463 3397 27 26 q.
3507 3389 34 27 24
3555 3391 35 26 fr.
3602 3391 17 26 à
3633 3386 14 43 C
3661 3386 14 43 0
3690 3386 30 43 00
3730 3399 6 21 ;
3751 3400 48 19 «on
3819 3393 31 26 14
3867 3394 33 26 fr.
3917 3397 33 25 25
3964 3397 15 26 k
3993 3394 34 28 00
4044 3397 19 26 t.
4077 3404 7 25 ;

3340 3422 98 28 beurre
3452 3423 27 28 le
3501 3423 57 28 kil.
3575 3424 17 28 2
3608 3425 37 30 (r.
3660 3426 33 27 10
3711 3436 7 22 ;
3736 3428 76 28 bœuf
3826 3431 25 25 le
3865 3430 61 27 kilo
3940 3430 18 27 0
3973 3431 37 27 fr.
4030 3430 35 27 00
4077 3439 7 24 ;

3340 3458 91 27 vaohe
3444 3459 17 26 0
3475 3459 34 26 fr.
3526 3458 37 28 00
3570 3469 13 33 j
3601 3469 71 20 veau
3687 3461 18 28 0
3719 3463 35 27 fr.
3771 3463 33 27 00
3816 3471 7 24 ;
3840 3472 74 27 porc,
3943 3467 17 26 0
3971 3467 37 27 fr.
4030 3465 34 28 00
4077 3475 7 24 ;

3340 3494 81 27 oeufs.
3439 3495 27 26 la
3480 3495 138 27 douzaine
3634 3496 12 26 1
3663 3497 38 28 fr.
3719 3497 34 27 40
3768 3500 17 26 à
3797 3508 13 17 »
3827 3501 38 27 fr.
3886 3508 30 18 »*
3927 3508 7 7 •
3966 3503 118 31 pouleto:

3340 3528 26 26 le
3392 3529 99 34 onople
3519 3529 18 27 0
3565 3531 33 26 fr.
3614 3530 35 28 00
3677 3534 17 25 à
3722 3542 30 17 as
3782 3534 34 26 fr.
3848 3542 31 18 »»
3891 3543 6 24 ;
3928 3537 87 33 pailla
4045 3539 39 25 les

3340 3560 53 30 B0)
3410 3563 74 28 kilos
3510 3563 33 28 38
3569 3567 37 26 fr.
3631 3568 15 25 à
3673 3567 34 27 00
3735 3569 47 31 fr.;
3803 3569 59 27 foin
3891 3572 38 27 le»
3944 3570 52 28 500
4012 3573 73 27 kilos

3339 3596 35 28 50
3390 3600 35 26 fr.
3443 3600 14 27 k
3475 3599 35 27 03
3524 3602 25 25 tr
3562 3608 19 25 .;
3596 3602 76 27 cidre
3683 3602 104 35 (année
3802 3604 91 35 1901),
3909 3606 28 28 la
3953 3606 132 35 barrique

3340 3633 102 32 (droits
3459 3644 57 18 non
3531 3638 138 33 oorapri»)
3697 3639 33 26 22
3745 3639 35 27 fr.

3377 3667 52 30 Ces
3445 3678 78 19 cours
3539 3674 50 25 onè
3609 3676 44 25 4ié
3676 3676 70 26 lixâs
3767 3683 50 27 par
3840 3677 28 27 la
3891 3676 195 32 Commissiota

3341 3707 132 25 nommée
3490 3715 48 25 par
3552 3709 27 26 >t
3595 3706 143 30 Chambre
3752 3712 33 25 de
3800 3711 174 28 Commerça.

3394 3787 235 45 Bulletin
3678 3793 356 45 Commercial

3570 3881 78 31 LES
3676 3883 182 32 POMMES

3381 3917 50 33 On
3456 3920 76 30 écrit
3546 3920 38 31 de
3602 3922 86 30 Pari»
3707 3933 7 21 :

3384 3959 45 30 La
3454 3960 154 32 demande
3621 3971 38 22 en
3676 3971 139 31 pommes
3830 3965 18 31 à
3863 3965 84 33 cidre
3969 3971 44 26 est
4028 3969 59 30 très

3345 3999 98 30 active
3461 4009 6 26 ;
3504 4002 96 35 aussi,
3635 4003 44 30 les
3716 4005 141 30 marchés
3892 4006 38 31 de
3966 4007 118 34 Rouen,

3343 4036 96 38 Caen,
3457 4038 43 31 Le
3514 4039 105 32 Havre
3631 4045 30 27 et
3674 4042 159 39 beancoap
3848 4045 53 30 des
3917 4051 117 26 centres
4051 4048 35 32 de

3343 4077 182 37 prodaotion
3542 4085 51 25 ont
3609 4082 100 31 relevé
3735 4084 83 28 leurs
3839 4084 81 38 prix.
3937 4085 45 31 La
3997 4087 77 31 Maa

3343 4117 66 34 che,
3438 4117 123 33 rills-ftl
3578 4120 120 32 Vilaine
3725 4126 51 26 ont
3806 4123 52 31 des
3879 4129 118 27 centres
4020 4131 66 33 trop

3343 4157 137 38 éloignés
3497 4168 8 25 ;
3534 4160 31 28 la
3593 4161 219 33 marchandise
3826 4163 71 31 n'en
3913 4166 102 31 arrive
4028 4175 59 28 que

3343 4196 215 33 difficilement
3572 4204 30 26 et
3621 4202 193 37 quelquefois
3837 4212 73 22 avec
3927 4205 158 38 beaucoup

3343 4235 38 31 de
3409 4237 102 32 retard
3526 4247 6 25 ;
3560 4241 96 33 aussi,
3685 4250 48 21 eus
3765 4250 220 30 provenances,
4015 4256 71 20 sans

3343 4276 63 31 être
3433 4276 176 39 délaissées,
3638 4289 38 21 ce
3705 4285 67 27 sont
3801 4291 56 27 pas
3882 4285 59 28 très
3969 4285 100 31 recher-

3344 4316 103 32 chées.

3437 4357 115 37 Depuis
3568 4358 30 30 la
3615 4359 136 31 semaine
3770 4361 148 35 dernière,
3938 4364 44 28 Irs
3997 4374 89 20 cours

3344 4400 52 26 ont
3423 4396 113 32 bausié
3559 4398 38 31 de
3619 4400 18 27 5
3658 4400 18 28 à
3698 4400 37 31 10
3756 4400 38 32 fr.
3811 4410 56 28 par
3882 4402 90 35 1,000
3993 4403 91 37 kilos,

3345 4439 118 26 surtout
3475 4446 38 21 en
3530 4446 138 30 posâmes
3681 4439 144 32 livrables
3837 4450 72 20 socs
3922 4450 150 28 quarante

3344 4474 69 31 huit
3429 4475 120 31 htures.
3562 4478 59 30 Lbs
3638 4487 208 28 provenances
3862 4481 37 28 de
3911 4482 30 28 la
3953 4482 133 32 Manche

3343 4519 30 26 et
3387 4515 37 30 de
3439 4517 30 28 la
3493 4517 151 39 Bretagne
3666 4526 32 22 se
3719 4520 105 35 paient
3852 4519 54 31 105
3922 4522 17 27 à
3954 4521 58 31 110
4026 4524 37 28 fr.
4078 4533 7 24 ;

3344 4556 92 28 oslles
3451 4556 38 30 de
3502 4558 30 28 la
3548 4556 110 32 Sirlhe
3672 4563 30 26 et
3716 4559 38 30 de
3768 4560 31 28 la
3814 4558 167 39 Mayenne,
3998 4561 56 31 110
4069 4564 18 28 à

3345 4593 57 30 115
3417 4594 37 28 fr.

3381 4633 28 30 A
3425 4633 119 37 Ronen,
3578 4636 27 31 le
3633 4635 38 31 19
3693 4637 177 37 novembre,
3887 4639 43 28 les
3947 4643 122 28 transac-

3344 4672 80 31 tions
3441 4678 52 26 «ni
3519 4683 39 21 eu
3586 4675 63 31 lieu
3677 4685 39 20 au
3745 4678 69 35 prix
3829 4678 37 28 de
3883 4678 73 31 5.70
3972 4681 18 27 &
4015 4680 71 31 610

3345 4711 180 32 l'hectolitre
3537 4713 148 39 (toujours
3698 4726 63 20 non
3777 4719 135 37 compris
3941 4720 43 30 les
4015 4720 71 32 0.44

3344 4752 129 32 d'octroi
3488 4761 54 30 par
3557 4753 183 38 hecioiiira).

3385 4791 85 32 Dans
3484 4793 30 30 la
3533 4793 145 31 Manche.
3697 4794 44 30 I<-«
3755 4795 70 37 prix
3841 4800 69 27 sont
3927 4806 7 21 :
3948 4806 38 24 en
4016 4807 71 30 gare

3344 4831 38 31 de
3398 4831 189 40 Cherbourg,
3604 4834 18 27 2
3635 4835 19 27 à
3669 4834 18 28 2
3702 4835 37 27 2a
3761 4837 28 27 le
3804 4837 80 30 demi
3904 4837 158 33 hfcioliir®
4080 4850 6 26 ;

3345 4872 17 30 k
3376 4871 45 31 La
3438 4872 149 38 riaye-du
3608 4873 97 35 Puits,
3735 4874 19 31 3
3768 4874 38 30 *0
3834 4876 182 33 l'hectolitre
4033 4890 6 25 ;
4068 4881 18 27 4

3345 4911 168 34 Carentan,
3529 4912 18 30 3
3562 4915 18 27 k
3594 4912 18 30 3
3627 4911 39 32 60
3680 4915 189 37 l'hectolitre,
3887 4922 28 26 »l
3938 4917 18 30 à
3986 4917 99 31 Saint-

3344 4950 77 31 Jean
3438 4951 150 38 de-Daye,
3606 4952 39 28 où
3659 4954 70 30 s'est
3744 4955 141 35 produite
3900 4965 60 22 une
3987 4958 98 37 légère

3347 4990 109 35 baisse,
3474 4991 72 31 S.§o
3560 4993 18 28 à
3591 4993 70 28 2.75
3676 4993 193 33 l'hectolitre.

4413 220 57 31 LA
4493 220 25 30 P
4548 220 89 31 CHE

4191 259 85 31 Dam
4286 260 28 30 le
4329 259 178 37 Morbihan,
4539 261 19 30 à
4587 261 162 37 Kernevel,
4766 262 45 32 lea
4840 262 35 31 bà-

4150 302 90 26 leaux
4256 301 53 30 ont
4322 300 96 37 péché
4446 301 119 30 chacun
4593 309 37 24 en
4656 309 152 31 moyenne
4833 302 58 31 200

4148 338 80 31 kiloa
4243 339 39 31 de
4296 343 100 35 (prit*
4413 340 116 31 vendu*
4551 340 38 33 de
4616 340 38 31 27
4680 343 18 30 à
4723 341 38 32 '<2B
4787 341 105 33 franc*

4148 379 44 30 lea
4209 379 57 30 100
4279 379 91 30 kiloa.

4185 417 28 31 A
4230 419 137 34 Larmor,
4385 419 18 30 7
4419 419 130 31 bateaux
4565 425 69 27 aont
4661 424 117 28 rentré»
4805 430 77 24 avee

4146 464 60 22 nne
4221 465 151 31 moyenne
4387 459 38 30 de
4439 458 58 32 400
4511 462 145 35 marlana,
4689 462 120 31 veudu*
4844 471 39 21 an

4146 496 69 39 prix
4230 498 38 31 de
4281 497 19 30 2
4313 498 38 30 (r.
4368 500 19 28 à
4400 498 19 28 5
4433 498 104 31 franc*
4553 500 28 31 le
4596 504 83 26 cent.
4750 501 28 32 A
4812 503 58 28 Ker-

4146 536 98 35 nevel,
4276 544 60 24 nne
4351 539 138 37 quantité
4521 539 214 33 oonaidérable
4763 542 38 30 de
4814 549 72 31 gro*

4144 576 135 32 merlana
4294 581 44 27 eit
4354 580 100 28 entrée
4469 586 38 22 en
4524 579 83 34 rade,
4625 580 106 37 depnis
4759 580 125 32 l'entrée

4142 617 38 31 de
4194 617 31 28 la
4239 617 143 31 citadelle
4397 617 37 31 de
4460 617 183 33 Port-Loni*
4670 620 163 37 jasqn'snp
4839 621 46 30 rè*

4142 656 37 31 de
4195 656 87 31 Saint
4300 656 117 31 Michel
4430 666 7 26 ;
4456 666 58 20 une
4528 660 139 30 oenuine
4693 660 170 30 d'embarca-

4142 696 79 30 liona
4237 700 52 26 ont
4302 698 65 37 pria
4380 700 92 26 avant
4487 697 67 31 hier
4569 706 60 22 nne
4657 706 151 31 moyenne
4839 699 38 32 de

4140 735 58 31 200
4212 744 57 30 par
4281 736 143 37 bateaux,
4446 737 53 37 qui
4518 741 52 28 ont
4581 739 46 31 été
4642 739 119 32 vendu*
4778 739 38 34 de
4832 738 18 30 5
4865 741 17 31 à

4139 774 20 31 6
4172 777 103 30 francs
4289 777 28 30 le
4332 781 77 26 cent.

4250 842 78 32 LES
4346 842 182 33 POMMES
4550 844 56 32 DE
4620 844 146 32 TERRE

4178 881 50 32 On
4240 883 74 31 écrit
4331 883 37 31 de
4382 883 90 31 Pari*
4488 892 7 20 :

4179 921 58 32 Le*
4251 922 123 31 affaire»
4387 933 52 21 inr
4454 928 86 27 notre
4554 927 97 37 place,
4676 926 200 39 aujjurd'huf

4137 960 39 31 20
4204 964 176 35 novembre,
4409 966 67 28 ion!
4504 966 59 30 très
4591 966 117 31 calme*
4723 974 6 27 ;
4756 967 80 31 mai*
4850 969 30 30 le

4139 1000 79 31 Midi
4233 1010 77 22 non*
4326 1003 54 31 fait
4395 1005 135 34 toujoor»
4543 1005 53 31 de*
4611 1005 167 33 demande*
4793 1015 86 22 aa»*z

4139 1042 113 30 «nivie*
4269 1043 52 37 qni
4336 1043 194 32 contribuent
4552 1045 79 31 dan*
4658 1055 60 22 une
4743 1046 133 31 certaine

4137 1088 120 24 meiure
4272 1084 18 26 à
4304 1083 31 28 la
4345 1083 125 31 fermeté
4485 1084 43 31 dn
4539 1084 126 31 marohé
4695 1090 28 26 et
4752 1085 53 38 qui
4821 1090 53 26 ont

4137 1121 113 35 permit
4271 1121 38 31 de
4336 1129 149 31 regagner
4512 1124 195 38 aujourd'hui
4736 1126 141 32 l'avance

4137 1161 115 35 perdue
4266 1162 149 30 mercredi
4431 1162 131 33 dernier.

4175 1200 59 28 Ce*
4260 1200 104 31 ordres
4382 1225 8 9 ,
4428 1202 324 38 malheureusement,
4787 1206 89 30 n'ont

4136 1239 69 30 trait
4218 1239 71 38 qu'a
4316 1240 79 31 deux
4426 1250 39 21 ou
4494 1243 74 31 troi*
4594 1245 177 37 catégorisa,
4788 1247 85 28 telle*

4135 1286 58 27 que
4209 1279 30 28 la
4254 1279 93 30 ronde
4372 1279 112 37 bâtive,
4515 1283 107 38 l'early
4651 1292 76 25 ro*e,
4746 1287 28 26 et
4804 1292 53 21 sur-

4135 1319 63 27 tout
4213 1318 30 28 la
4257 1319 136 30 saucisse
4413 1328 102 31 ronge,
4544 1330 52 21 car
4624 1323 28 30 le
4680 1322 90 37 MiJi,
4788 1323 64 30 Mar-

4134 1356 87 32 ■eille
4248 1357 268 39 principalement,
4547 1362 126 30 effectue
4708 1371 52 21 mr
4787 1364 87 35 place

4134 1396 52 30 de*
4209 1397 106 30 achat*
4330 1397 183 39 important*
4526 1411 6 24 ;
4558 1401 183 32 néanmoins
4756 1410 48 24 ce*
4820 1403 38 31 de

4133 1436 130 31 mande*
4277 1441 52 27 ont
4344 1446 59 24 une
4415 1439 191 38 importance
4622 1441 158 32 suffisante
4792 1450 77 28 ponr

4131 1475 77 30 faire
4224 1481 117 26 monter
4370 1476 198 33 directement
4596 1481 28 31 le
4649 1489 90 22 cours
4768 1485 38 27 de
4821 1489 47 24 ces

4131 1515 124 38 espèces
4270 1519 30 28 et
4328 1515 234 35 indirectement
4587 1521 28 31 le
4643 1528 89 22 cours
4746 1521 52 32 des
4815 1531 35 22 au-

4133 1560 71 22 tre*.

4172 1593 59 32 Le*
4246 1597 167 35 catégorie*
4428 1599 18 27 à
4456 1599 86 30 ohair
4557 1599 132 32 blanche
4710 1605 67 27 sont
4807 1602 60 31 tré*

4133 1635 125 30 calme*.
4276 1633 202 39 l'Angleterre
4508 1638 125 39 n'ayant
4661 1642 188 30 momentané-

4131 1677 85 26 ment
4231 1682 59 30 que
4305 1683 59 30 peu
4380 1676 37 31 de
4431 1677 132 35 besoin*,
4580 1688 52 21 car
4648 1680 58 31 elle
4733 1680 119 39 t'appro-

4131 1711 142 32 viiionne
4286 1722 37 22 en
4341 1715 150 39 Belgique
4504 1722 28 26 et
4546 1727 37 22 en
4611 1717 193 39 Allem*gne,
4831 1719 38 31 où

4131 1753 59 31 elle
4205 1759 106 26 trouve
4326 1755 52 31 de*
4394 1756 174 31 condition*
4583 1759 71 37 plu*
4668 1759 124 31 douce*.

4417 1835 53 31 LE
4513 1838 74 30 GUI

4172 1880 50 32 On
4237 1883 28 30 le
4279 1884 69 34 sail,
4364 1892 38 24 en
4433 1885 202 38 Normandie,
4664 1891 30 27 «I
4721 1889 79 31 dan*
4827 1890 44 30 lea

4135 1923 152 33 environ»,
4307 1923 21 31 il
4345 1932 32 24 sa
4388 1924 57 32 tail
4460 1935 41 21 un
4514 1928 98 35 grand
4635 1936 171 22 oommeroe
4831 1929 43 32 de

4133 1962 52 37 gui
4201 1971 8 26 ;
4227 1963 83 28 aussi
4325 1963 110 39 depuis
4450 1968 146 35 quelques
4606 1968 163 33 semaines,
4782 1969 69 30 hom-

4135 2009 73 27 mes,
4227 2002 126 32 femmes
4369 2008 28 26 el
4411 2006 122 30 enfants
4547 2010 72 26 vonl
4632 2008 18 27 à
4662 2008 32 28 la
4708 2008 164 31 recherche

4135 2041 40 28 du
4188 2041 67 37 gui.
4270 2042 86 31 Celle
4371 2044 104 37 plante
4485 2046 135 37 parasite
4630 2046 24 30 si
4665 2047 136 32 nuisible
4811 2056 61 21 aux

4135 2081 167 35 pommiers
4318 2091 66 22 sera
4398 2085 146 37 expédiée
4554 2093 38 21 en
4605 2085 180 38 Angleterre
4795 2095 77 30 pour

4136 2121 27 27 la
4180 2120 57 32 fêla
4252 2120 185 37 Christmas,
4456 2132 38 21 on
4511 2125 69 37 paie
4590 2126 19 27 4
4624 2126 100 30 franos
4742 2126 43 31 les
4812 2126 60 30 100

4135 2158 92 32 kilos.
4293 2160 59 32 Les
4367 2163 198 32 cultivateurs
4580 2165 65 31 font
4661 2165 79 31 donc
4763 2174 106 22 oeuvre

4135 2199 197 31 doublement
4346 2203 74 30 utile
4443 2211 76 28 pour
4534 2204 80 31 lears
4643 2211 125 31 propres
4795 2205 61 31 inté-

4135 2239 70 35 rêts,
4220 2249 38 21 en
4272 2241 190 37 dépouillant
4475 2243 80 31 leurs
4571 2244 165 38 pommiers
4748 2244 38 32 de
4798 2250 76 26 celle

4136 2281 104 35 plante
4254 2281 25 28 si
4296 2282 175 32 abondante
4486 2289 28 25 el
4528 2291 38 24 en
4583 2284 175 38 l'envoyant
4783 2287 18 28 à
4815 2294 57 22 nos

4136 2320 126 33 voisins,
4279 2321 46 31 les
4338 2320 144 38 Anglais.

4228 2421 87 43 lia
4323 2424 128 41 relié
4504 2426 67 39 île
4625 2426 162 39 Parût

4175 4364 141 33 MARÉE
4411 4369 152 37 Arrivages
4593 4371 37 27 du
4650 4371 34 27 20
4703 4374 156 26 n'>v»inbre
4874 4380 7 19 :

4142 4406 112 33 poisson
4286 4404 117 28 10».719
4431 4406 74 27 kilos
4531 4414 7 24 ;
4569 4407 107 26 monlss
4704 4404 104 30 23.>>54
4835 4407 32 27 ki-

4142 4442 54 26 los.
4228 4441 111 27 Hausse
4367 4449 48 18 sar
4444 4441 40 27 les
4514 4441 71 27 raias
4611 4446 26 22 et
4676 4442 39 26 lea
4744 4444 139 33 bai«ngs;

4141 4476 93 26 baissa
4261 4483 48 19 aar
4338 4476 27 27 la
4398 4478 93 25 maréa
4533 4478 65 26 fins.
4625 4476 92 27 Vents
4757 4478 58 26 diffi
4835 4479 46 26 Ile.

4141 4511 46 26 On
4221 4519 15 19 a
4269 4513 59 25 coté
4354 4518 35 20 au
4419 4511 60 27 kilo
4500 4519 7 19 :
4534 4512 107 26 >u-bots
4676 4511 13 27 1
4724 4511 40 28 fr.
4799 4511 37 27 î>o
4867 4514 17 25 k

4139 4544 19 28 2
4170 4546 39 27 (r.
4224 4544 45 32 50;
4290 4545 118 30 barbues
4423 4546 67 27 1.25
4507 4547 15 26 k
4535 4545 74 34 3.00;
4628 4547 63 26 bars
4706 4545 63 28 2.00
4782 4547 15 27 à
4807 4546 18 27 3
4835 4546 45 32 50;

4142 4581 104 27 mulets
4263 4580 13 27 1
4291 4581 17 27 4
4322 4580 78 32 3.00;
4441 4583 72 26 soles
4530 4581 65 27 l.a»
4610 4583 15 26 à
4646 4581 71 27 4.00
4731 4590 8 24 ;
4770 4586 111 30 roogets

4142 4615 111 30 barbets
4274 4615 17 26 2
4318 4617 15 25 k
4359 4615 64 27 4.»»
4439 4624 8 24 ;
4474 4618 125 25 merlans
4628 4615 69 30 0.7î
4711 4617 14 26 &
4742 4616 11 27 1
4770 4617 26 26 (r
4821 4617 33 25 50
4871 4625 7 22 ;

4141 4651 133 27 homards
4289 4650 64 27 250
4362 4654 17 25 4
4393 4650 72 32 5.50;
4494 4651 159 34 langoustes
4680 4650 15 26 3
4716 4659 30 15 »»
4761 4654 17 25 4
4791 4651 92 31 5.0O;

4140 4687 156 33 »aliccqnes
4311 4684 69 30 3.00
4394 4687 17 26 k
4424 4685 33 27 16
4486 4687 39 26 fr.
4545 4694 7 25 ;
4581 4687 102 26 traites
4708 4687 34 26 da
4767 4687 118 27 rivières

4140 4719 17 27 8
4185 4722 38 26 (r.
4239 4729 8 22 ;
4276 4722 167 26 saumonées
4470 4722 17 25 3
4514 4721 26 26 fr
4576 4722 17 26 h
4618 4720 17 27 8
4658 4721 34 27 fr.
4710 4729 33 17 s»
4757 4728 9 25 ;
4782 4721 102 28 truitea

4140 4757 144 32 eongelées
4310 4755 18 26 2
4354 4757 34 25 00
4406 4757 15 26 à
4435 4755 17 26 3
4466 4757 35 27 {r.
4517 4755 34 27 50
4565 4765 8 22 ;
4598 4765 133 19 saumons
4761 4757 125 33 français

4144 4799 13 18 »
4188 4792 34 26 fr.
4251 4793 17 25 k
4294 4800 14 15 »
4339 4792 34 26 fr.
4393 4799 7 25 ;
4429 4800 133 18 saumons
4592 4793 142 32 étrangers
4763 4800 14 15 »
4806 4793 34 26 fr.
4870 4796 18 24 a

4144 4835 13 15 »
4174 4827 34 26 fr.
4225 4826 46 28 On
4286 4834 15 19 a
4319 4828 59 26 coté
4393 4827 59 28 4la
4467 4827 76 31 pièoe
4558 4835 8 18 :
4581 4828 85 26 thons
4694 4835 13 14 »
4736 4828 15 26 à
4792 4837 14 13 »
4822 4828 38 26 fr.
4877 4834 9 22 ;

4144 4863 70 26 raiss
4230 4863 111 30 doueas,
4361 4863 15 25 6
4404 4863 15 26 k
4448 4861 33 27 12
4509 4863 33 26 fr.
4561 4869 7 24 ;
4599 4863 87 26 miles
4711 4863 14 26 4
4755 4863 15 26 k
4796 4863 89 27 'Mr..

4144 4898 136 26 bouclées.
4310 4896 70 28 2.0#
4406 4899 18 25 k
4450 4897 15 25 8
4494 4897 34 26 fr.
4558 4896 47 28 On
4633 4899 60 24 cote
4721 4904 37 19 au
4785 4900 64 24 cent
4876 4905 9 18 :

4141 4933 120 33 harengs
4278 4933 122 32 frangais
4415 4931 17 27 5
4452 4933 17 26 k
4480 4930 17 28 S
4509 4932 43 26 00:
4581 4931 112 34 anglais
4708 4930 17 27 8
4739 4933 17 25 k
4778 4932 27 26 11
4821 4932 37 27 fr.
4878 4939 9 24 ;

4142 4975 190 26 maqnaruux
4348 4969 32 25 de
4396 4967 109 27 l'Oaesi
4522 4967 33 26 30
4572 4968 15 25 h
4602 4967 32 26 7k
4650 4968 38 25 (r.
4706 4975 8 22 ;
4730 4968 34 26 de
4778 4967 110 34 Dieppe

4140 5002 33 27 10
4189 5004 15 26 k
4220 5002 34 28 30
4269 5003 53 31 fr.;
4338 5002 195 33 d'Angleterrs
4550 5001 34 26 30
4598 5003 17 27 k
4629 5002 35 26 50
4678 5002 35 27 fr.

4204 2518 76 27 Cours
4293 2519 180 27 Commerciaux
4488 2522 31 26 du
4535 2520 28 24 21
4580 2523 136 26 Novembre
4731 2524 61 25 1941

3450 5112 227 41 Marché
3697 5114 69 41 de
3788 5115 54 40 la
3861 5108 213 51 Villeïte
4089 5120 71 39 du
4186 5121 72 38 «1
4284 5120 291 39 novembre
4594 5120 151 39 1901

3549 5702 14 20 a
3816 5682 250 43 DÉPÊCHES
4104 5693 386 33 COMMERCIALES
4737 5682 1 44 i

3548 5731 15 38 I
4225 5734 43 25 LB
4291 5734 137 26 HAVRE,
4444 5734 30 25 81
4487 5735 157 24 novembre.
4735 5731 5 38 I

3543 6503 17 71 I
3598 6510 161 30 Tendances
3775 6521 7 18 :
3791 6517 132 22 soutenue
3939 6522 64 21 peur
4023 6515 141 26 lesootons
4180 6520 26 21 et
4219 6516 39 26 les
4269 6516 43 26 cal
4313 6517 30 24 4»
4351 6516 87 25 calme
4455 6522 67 26 peur
4540 6516 39 26 Us
4591 6517 97 31 laines,

3795 6546 87 27 Venta
3894 6553 7 19 :
3911 6546 45 30 179
3970 6546 85 27 balles
4069 6546 34 26 de
4116 6547 85 26 Uines
4214 6550 26 24 et
4251 6547 86 27 24.000
4351 6554 58 19 sacs
4424 6548 34 25 de
4467 6548 74 26 cafés

4135 2583 72 26 Blés,
4221 2584 39 25 les
4278 2584 45 25 100
4349 2585 67 25 kilos
4440 2589 58 21 nets

4513 2589 128 27 Avoines,
4651 2589 38 24 les
4700 2589 45 25 100
4755 2589 48 26 kil.
4818 2595 59 20 neta

4330 2623 4 41 |
4351 2623 70 28 lk.<
4440 2626 14 25 S
4465 2626 30 26 h.

4728 2628 13 26 1
4756 2628 43 37 h.,
4814 2628 61 26 3h.

4136 2675 157 32 Disponible
4330 2678 37 31 |21
4383 2678 27 24 25
4426 2679 28 24 21
4468 2679 30 22 25

4514 2679 169 30 Disponible.

4716 2681 31 25 20
4760 2681 30 25 75
4805 2681 26 26 8t
4847 2682 31 24 00

4135 2708 118 24 Courant
4283 2726 35 8 ...
4337 2709 30 24 Kl
4383 2709 27 24 15
4426 2709 28 24 21
4468 2709 30 24 25
4506 2708 1 28 j
4514 2709 119 26 Courant
4659 2730 38 7 ...

4716 2712 30 25 2i)
4760 2712 28 25 75
4804 2713 28 24 21
4847 2713 31 24 00

4136 2739 132 24 Proohain
4298 2758 22 7 ..
4338 2739 27 26 21
4381 2739 30 25 50
4426 2740 28 25 21
4469 2739 31 25 50
4514 2740 136 25 Prochain
4676 2761 7 6 .

4716 2743 31 24 20
4760 2744 28 24 95
4804 2744 30 25 20
4846 2745 32 22 97

4135 2770 14 22 2
4165 2771 128 28 premiers
4338 2771 28 24 21
4382 2771 28 22 95
4426 2772 27 24 SI
4468 2772 31 24 H5

4513 2772 14 24 2
4543 2773 141 28 premiers.
4708 2770 1 32 !

4716 2774 27 24 SI
4760 2774 28 24 35
4804 2774 28 25 21
4847 2774 31 24 50

4135 2802 13 22 4
4165 2806 129 24 premiers
4338 2802 31 22 2!
4383 2802 28 24 20
4427 2803 28 22 S2
4469 2802 58 25 14(4
4543 2805 129 26 premiers

4716 2804 27 25 21
4760 2805 30 24 75
4804 2805 30 26 21
4846 2805 32 25 75

4135 2831 14 24 4
4163 2831 32 24 de
4209 2837 71 19 mars
4338 2832 31 25 £2
4382 2831 31 26 60
4427 2832 28 25 22
4469 2832 31 25 tiO
4520 2835 8 22 1
4544 2833 32 25 da
4592 2841 71 19 mars

4716 2836 27 25 21
4760 2836 31 25 94
4804 2837 30 25 22
4847 2837 31 25 00

4136 2870 145 26 Tendance
4299 2872 98 25 «Mme.
4506 2870 2 27 '

4515 2874 146 27 Tendance
4677 2876 97 27 ferre.

4136 2923 120 25 Avoines
4270 2924 33 24 de
4315 2927 215 25 consommation
4543 2934 6 18 :
4565 2927 32 25 20
4609 2928 31 25 50
4654 2928 17 26 &
4683 2929 30 26 22
4727 2928 40 27 00.

4137 2963 89 25 Karin.
4239 2963 67 26 fleur
4317 2965 61 25 Pari
4389 2972 20 19 s.
4422 2966 45 25 100
4475 2966 37 26 k.i
4519 2966 113 33 Seigles,
4649 2968 39 26 les
4702 2968 45 26 100
4761 2968 47 26 kil.
4820 2973 59 22 netf

4330 3015 6 14 •
4351 3005 14 25 1
4380 3005 20 24 h
4421 3005 4 41 |
4442 3006 14 24 3
4468 3005 20 25 la

4710 3020 5 26 1

4730 3009 15 24 1
4761 3008 18 25 h
4799 3008 2 38 |
4819 3008 14 25 3
4847 3009 18 24 h

4137 3056 170 31 Disponible.
4341 3058 30 22 27
4385 3058 73 24 25IS7
4474 3059 28 22 Î5
4519 3060 157 27 Disponible

4721 3060 28 25 11
4763 3061 31 24 50
4807 3060 30 25 15
4851 3061 31 24 50

4137 3087 11 19 C
4159 3091 97 20 ourant
4298 3105 24 8 ..
4339 3089 31 22 2'
4384 3089 31 22 05
4429 3090 31 22 27
4474 3090 28 22 10
4508 3087 2 30 S
4519 3091 118 25 Courant
4680 3109 9 8 .

4721 3092 28 24 15
4763 3092 31 24 50
4808 3092 28 25 15
4851 3092 31 25 50

4137 3118 133 24 Prochain
4339 3118 31 25 27
4383 3118 31 25 30
4429 3119 31 25 27
4474 3119 30 25 32
4519 3122 132 24 Prochain

4721 3123 28 24 15
4763 3122 31 24 50
4807 3123 31 24 15
4850 3124 33 24 87

4136 3149 14 22 2
4166 3149 156 30 premiers..
4341 3150 30 22 27
4384 3150 30 24 S5
4429 3150 30 24 27
4473 3149 59 33 80|ï
4547 3152 129 30 premiers

4720 3152 30 24 15
4765 3154 28 22 75
4807 3151 30 26 15
4851 3154 32 24 87

4137 3182 14 20 4
4167 3185 129 24 premiers
4331 3182 39 21 US
4384 3182 31 21 25
4429 3183 31 21 28
4474 3182 37 24 121

4520 3183 12 24 4
4547 3184 129 25 premiers
4696 3203 6 5 .
4713 3183 2 26 |

4721 3183 30 25 13
4765 3183 30 24 00
4812 3183 26 24 16
4852 3184 31 25 i;

4137 3210 14 24 4
4168 3210 33 25 de
4219 3216 70 19 mars
4331 3209 40 27 123
4384 3211 31 25 75
4430 3213 31 24 28
4474 3213 59 25 6214
4547 3215 33 22 de
4597 3221 70 18 mars

4722 3215 28 25 16
4765 3215 30 25 15
4809 3215 28 25 16
4852 3215 31 25 37

4139 3249 86 25 Tend,
4239 3250 100 26 calme.

4512 3252 154 27 [Tendance
4678 3255 84 25 ferme

4140 3281 109 25 farines
4259 3282 32 25 de
4304 3288 77 21 oons.
4397 3289 7 18 :
4420 3282 30 26 17
4466 3283 30 26 50
4509 3286 17 25 &
4539 3283 28 26 31
4583 3283 30 25 00
4641 3285 105 26 Corbeil
4761 3292 6 18 :
4792 3286 30 25 30
4837 3285 31 26 00

4141 3330 98 26 Sucres
4251 3331 100 30 blancs,
4365 3333 37 24 les
4413 3332 45 26 100
4468 3333 18 25 k

4526 3333 118 32 Spirilua
4657 3339 27 20 ix
4702 3333 178 26 'l'hectolitre.

4351 3372 12 24 1
4383 3376 17 20 a
4421 3372 2 37 I
4439 3372 14 26 3
4468 3372 19 25 h

4731 3373 12 25 1
4761 3374 44 34 b.|
4819 3373 14 26 3
4850 3374 17 24 h

4141 3418 157 31 Disponible
4317 3439 7 6 .
4342 3420 31 24 2:>
4385 3419 30 25 00
4429 3420 28 24 2H
4473 3420 31 25 00

4140 3450 118 24 touranl
4342 3451 30 24 22
4385 3450 30 25 87
4429 3451 31 25 22
4474 3452 31 24 87

4520 3452 168 28 Disponible.

4722 3452 30 24 (8
4766 3454 30 22 00
4809 3454 30 22 23
4852 3455 31 22 JS

4142 3481 132 24 Prochain
4343 3482 30 24 23
4385 3482 30 22 00
4429 3483 31 24 23
4474 3483 30 25 10

4520 3485 117 24 Courant

4722 3484 30 24 28
4766 3484 30 24 00
4809 3484 30 25 27
4852 3484 32 25 87

4140 3511 14 24 4
4168 3513 130 28 premiers
4342 3513 31 24 23
4387 3513 30 22 50
4429 3513 31 24 23
4474 3514 31 22 56

4520 3515 133 24 Prochain

4722 3515 30 22 *8
4766 3515 28 22 25
4809 3515 30 24 2*

4141 3542 13 22 4
4169 3542 32 24 de
4219 3548 70 19 mars
4302 3561 7 7 .
4342 3543 30 25 23
4385 3543 31 24 37
4429 3544 31 24 24
4475 3544 31 24 00
4511 3541 1 27 !

4520 3547 13 22 4
4548 3547 129 25 premiers
4696 3563 9 7 .

4722 3546 31 22 23
4766 3546 31 22 75
4809 3547 30 21 28
4853 3547 31 22 50

4141 3573 13 22 4
4170 3572 32 25 de
4219 3574 53 24 mai
4286 3594 7 6 .
4343 3574 28 25 24
4387 3574 73 31 50,24
4475 3574 30 25 37

4520 3576 14 24 4
4550 3575 32 25 d<a
4598 3576 53 24 mai

4722 3576 31 24 iS
4766 3576 30 25 75
4811 3576 28 24 29
4852 3576 33 27 3/

4141 3643 87 26 Tend.
4256 3650 43 20 ea.
4318 3645 59 24 Cire
4402 3645 31 25 00
4448 3646 46 25 000

4513 3639 86 32 'Tend
4628 3646 19 25 f.
4656 3646 105 26 Stocks:
4776 3646 92 32 196Q0p

4142 3683 100 25 Suores
4254 3684 111 24 raffinés
4377 3685 167 30 disponibles
4559 3686 39 25 les
4612 3685 45 26 100
4670 3685 38 25 kil

4736 3692 37 19 an
4787 3687 76 27 pains
4874 3692 7 19 :

4170 3715 30 22 97
4218 3715 28 24 00
4261 3716 15 22 à
4293 3715 31 24 97
4338 3715 32 24 50
4400 3729 28 4 —
4447 3717 144 27 Surchoix,
4607 3718 98 26 cassés,

4722 3719 105 25 rangés,
4844 3718 25 24 lo

4170 3745 57 30 gés,
4239 3749 105 21 cartons
4356 3746 32 24 de
4398 3746 13 24 5
4423 3745 47 25 kil.
4482 3754 7 18 :
4504 3746 8 25 (

4512 3748 38 24 XX)
4559 3748 30 24 00
4598 3749 15 22 ii
4624 3746 46 25 000
4680 3748 30 24 OC

4736 3761 26 5 —
4779 3757 6 12 i
4800 3755 83 18 aisses

4172 3776 34 24 de
4218 3776 30 22 50
4259 3776 15 24 à
4287 3776 30 24 60
4331 3776 66 26 kil..
4415 3776 44 26 101
4474 3777 31 25 00
4520 3778 17 24 k
4551 3777 44 25 103
4611 3777 30 25 00
4669 3790 28 6 —
4710 3778 6 24 1

4716 3778 83 26 Houx,
4809 3778 30 25 19
4852 3778 28 26 £0

4172 3809 27 22 et
4213 3806 30 25 1!)
4254 3807 41 26 75.

4202 3837 133 25 HUlcBS
4362 3840 39 24 les
4413 3839 45 26 100
4470 3839 70 27 hilos
4556 3842 67 28 nets,
4638 3840 40 26 tût
4693 3842 126 30 compris)

4285 3886 79 26 Colza

4681 3888 51 25 Lin

4352 3926 15 26 1
4383 3926 19 25 h
4441 3926 14 26 3
4472 3926 18 26 h

4731 3927 13 26 1
4762 3928 18 24 h
4820 3928 14 25 S
4850 3927 19 25 h

4143 3978 157 31 Disponible
4318 3998 7 7 .
4345 3979 30 24 S7
4389 3979 28 24 25
4431 3980 30 25 57
4476 3980 30 24 25

4524 3979 155 31 Disponible

4723 3981 31 24 70
4767 3981 30 24 tO
4812 3981 28 24 77
4854 3981 31 24 00

4142 4011 118 22 Courant
4289 4030 22 6 ..
4345 4010 31 24 57
4389 4011 28 22 25
4433 4011 28 24 57
4476 4011 30 24 12

4521 4011 120 24 Courant
4669 4031 21 6 ..

4723 4012 30 24 7(S
4767 4011 31 25 00
4812 4011 28 25 77
4854 4011 31 25 00

4142 4039 136 24 Prochain
4345 4041 31 24 58
4389 4042 28 22 00
4433 4042 30 22 57
4475 4043 30 24 75

4520 4042 136 25 Proohain
4682 4059 8 9 .

4723 4044 30 22 75
4767 4043 30 24 25
4811 4043 28 24 75
4853 4042 32 24 00

4141 4071 13 22 4
4172 4070 129 31 premiers
4345 4071 30 24 59
4389 4071 28 24 50
4431 4072 30 24 59
4475 4072 30 24 25

4520 4074 13 22 4
4550 4074 129 28 premiers

4724 4074 28 22 70
4767 4074 30 22 00
4811 4072 28 24 69
4853 4074 32 22 75

4141 4102 13 22 4
4169 4102 33 22 de
4220 4102 54 22 mai
4345 4102 30 25 59
4389 4102 28 24 00
4433 4102 28 24 58
4474 4102 31 25 75

4520 4103 13 22 4
4550 4103 32 25 de
4598 4104 52 22 mai

4722 4103 30 25 64
4767 4103 30 25 75
4811 4104 30 24 61
4853 4104 32 24 75

4141 4130 79 26 Tend
4252 4139 26 17 e.
4294 4133 60 24 Cire
4387 4133 45 24 000
4443 4136 45 26 qti

4512 4133 1 26 1
4530 4133 76 26 Tend
4629 4135 54 24 faib
4711 4133 5 26 1

4716 4135 56 24 Cire
4794 4135 74 24 nulle

4142 4167 83 24 Huile
4238 4167 33 24 de
4285 4168 74 24 eolza
4372 4168 60 24 brut
4447 4167 5 27 :
4466 4168 30 25 57
4512 4168 28 24 25
4556 4168 17 26 à
4584 4168 30 25 00
4625 4168 31 25 00
4676 4169 37 25 les
4726 4168 44 26 100
4783 4169 69 25 hilos

4143 4198 81 25 Huile
4239 4198 33 25 de
4286 4199 77 25 eolza
4372 4200 99 26 épurée
4481 4206 34 18 en
4526 4204 97 20 tonnes
4635 4198 5 28 :
4651 4200 31 24 67
4691 4200 30 25 23
4733 4200 38 25 les
4780 4200 46 26 100
4837 4200 47 25 hil.

4341 4232 83 20 Cours
4435 4230 124 26 oftoiels.
4572 4230 15 24 0
4598 4230 19 25 h
4644 4231 44 25 0/0

4142 4265 99 24 Sucres
4254 4265 92 24 blancs
4370 4265 151 28 disponible
4544 4265 28 24 22
4585 4265 30 25 75
4624 4266 17 24 à
4650 4265 30 25 23
4689 4265 31 25 00
4730 4266 38 25 les
4779 4265 44 26 101
4835 4265 47 26 Mi.

4142 4296 157 30 Spiritueux
4313 4296 169 30 (disponible,
4495 4296 31 24 00
4537 4296 30 25 00
4578 4297 15 24 à
4605 4296 31 25 00
4648 4296 30 25 00
4691 4298 170 25 i'Dsotolitre.

4185 5215 73 30 Prix
4273 5217 40 27 du
4331 5216 13 27 h

4344 5219 52 25 .Uo

3513 5267 131 24 Eicècei

3828 5267 131 28 Amenés

3979 5267 125 31 Vendu»

4129 5321 90 38 qnal.

4241 5321 90 34 quai.

4384 5280 32 30 3*

4351 5321 87 34 qafcl.

4474 5267 56 30 Prix
4546 5267 116 28 ulrêŒM

3346 5398 107 26 Bœuli

3843 5400 97 24 2.396

3997 5404 18 20 9
4035 5404 38 20 m
4076 5406 14 18 A

4142 5406 12 18 1
4173 5405 40 19 KO

4253 5405 13 19 1

4349 5368 102 81 H3

4349 5432 102 43 EF3

4473 5402 20 21 n
4507 5404 38 20 7R
4560 5406 14 18 4

4592 5404 15 20 î
4624 5404 39 20 f»fl

3346 5438 119 31 Vaches

3883 5439 58 32 658

3972 5424 102 51 feÉpT

4078 5446 9 27 1

4143 5445 66 30 1,42

4254 5445 67 30 1.16

4461 5424 117 45 m*

4592 5444 17 28 1
4624 5445 38 28 52

3346 5478 162 30 Taureaux

3883 5480 57 31 238

4035 5483 38 30 23

4080 5485 9 27 1

4142 5484 69 30 1,20

4237 5485 22 27 ■
4265 5485 74 27 li[|

4349 5474 102 39 lîjfeBl

4461 5474 117 39 EET

4593 5484 13 28 1
4624 5484 39 28 24

3344 5517 109 31 Veaux

3846 5519 94 31 1.558

3998 5523 74 30 1.27

4080 5524 8 26 l

4142 5524 69 28 1,00

4237 5513 102 39 Hifl

4365 5524 69 28 1,70

4461 5513 117 34 hrrr

4592 5523 71 30 2,10

3346 5556 144 32 Mouton*

3827 5557 112 32 19.181

3994 5561 77 30 9.1S

4075 5563 15 27 1

4143 5563 67 28 1.94

4253 5563 69 33 1,72

4364 5563 70 32 1,60

4461 5552 117 39 nrir

4456 5584 122 15 ■uAM

4592 5563 71 32 2,04

3346 5600 93 27 Porc»

3829 5600 110 28 10.051

3972 5602 102 27 KKlM

4075 5602 14 27 1

4141 5602 67 34 1,32

4233 5600 106 39 HH

4344 5602 106 27 HKl

4593 5602 70 32 1,34

3946 5789 144 26 COTONS

4122 5773 76 45 ~î

4264 5791 129 24 LAINES

4540 5783 113 34 CAFÉ3

3915 5820 52 24 très
3981 5820 136 26 ordinaire

4222 5822 213 27 Buenoe-Ayres

4553 5823 97 24 Stntos

3887 5851 138 25 Louisiane

4056 5854 84 24 balles
4142 5855 6 13 1

4204 5859 35 19 en
4256 5854 73 24 suint
4346 5852 103 30 (balles)

4507 5854 47 28 (les
4569 5854 30 25 50
4613 5857 13 17 h
4631 5851 57 28 iras)

3855 5903 152 25 Ouverture
4015 5903 4 31 |

4051 5906 107 26 Clôture

3539 5943 475 43 IBM■■■

4200 5948 123 38 wam

3575 5987 252 32 Novembre....

3850 5987 37 30 48
3902 5986 38 31 37
3953 5988 57 35 0/0

4025 5991 37 31 48
4075 5989 39 31 80

4206 5989 54 30 118
4280 5989 39 31 00

4337 5991 54 30 117
4413 5991 37 31 50

4492 5991 38 30 44
4552 5991 38 30 75

4624 5992 37 30 44
4682 5992 38 30 25

3578 6028 167 28 Décembre

3850 6026 37 30 48
3901 6027 39 28 37
3953 6027 57 35 0/0

4025 6031 35 27 48
4077 6030 35 30 12

4206 6030 54 28 118
4279 6030 40 30 00

4337 6030 54 30 117
4413 6030 38 30 50

4492 6031 39 27 45
4550 6030 40 31 00

4622 6032 39 30 44
4681 6031 39 30 50

3574 6066 125 32 Janvier
3717 6066 109 31 1902..

3850 6066 37 28 47
3900 6067 40 28 75
3953 6069 56 34 0/0

4025 6070 35 28 47
4074 6069 39 30 87

4206 6067 54 31 118
4281 6069 38 31 50

4337 6070 54 30 118
4410 6069 40 31 00

4492 6071 38 27 45
4551 6070 39 30 50

4622 6072 39 27 45
4680 6071 40 30 00

3575 6106 124 31 Février

3850 6105 37 28 47
3901 6106 39 30 50
3953 6107 56 34 0/0

4025 6109 35 28 47
4075 6109 37 30 75

4205 6107 56 30 1*24
4280 6107 39 30 00

4338 6109 52 28 124
4410 6107 39 32 00

4492 6109 38 28 45
4551 6109 37 30 75

4622 6111 39 27 45
4681 6111 39 27 25

3578 6146 83 27 Mars

3850 6145 37 28 47
3901 6146 39 28 37
3953 6146 56 35 0/0

4025 6148 35 30 47
4075 6148 39 30 50

4204 6146 56 30 125
4280 6146 39 32 0J

4338 6148 52 28 125
4410 6148 38 31 00

4491 6148 39 31 46
4550 6148 40 30 00

4623 6151 37 27 45
4682 6150 38 28 50

3573 6184 87 31 Avril

3850 6184 37 30 47
3901 6185 39 30 37
3953 6185 56 35 0/0

4025 6188 34 30 47
4074 6187 38 31 6a

4207 6185 53 33 125
4281 6187 37 30 50

4337 6187 53 30 125
4413 6187 35 31 50

4491 6188 39 28 46
4551 6189 38 28 50

4622 6189 39 28 46
4680 6188 39 31 00

3575 6224 64 26 Mai

3850 6224 37 26 47
3901 6224 38 26 25
3953 6224 56 26 0/0

4025 6227 35 24 47
4075 6226 38 25 50

4130 6221 57 30 iTill

4205 6223 56 27 1$
4280 6224 39 26 50

4337 6226 53 25 186
4410 6226 38 25 50

4491 6227 40 24 46
4551 6227 37 24 75

4620 6228 39 22 46
4681 6229 37 21 25

3572 6262 74 32 Juin

3850 6263 37 30 47
3901 6265 38 30 25
3953 6263 56 37 0/0

4025 6266 35 31 47
4075 6265 38 31 50

4128 6252 17 48 s

4144 6250 43 50 0

4204 6265 56 32 127
4280 6265 38 32 00

4335 6266 56 30 127
4409 6265 41 31 00

4489 6267 39 30 47
4548 6266 40 31 00

4620 6268 39 28 46
4680 6267 39 30 50

3572 6302 106 31 Juillet

3850 6304 37 28 47
3901 6304 39 31 25
3953 6304 56 35 0/0

4025 6306 34 30 47
4074 6305 38 30 50

4128 6300 17 39 3

4144 6304 37 35 10

4206 6306 53 30 127
4280 6304 38 32 C0

4337 6305 53 30 127
4409 6305 39 31 50

4489 6307 40 28 47
4547 6307 38 28 25

4619 6306 40 30 46
4680 6307 38 30 75

3572 6341 81 31 Août

3850 6343 37 32 47
3901 6344 38 30 25
3952 6343 56 37 0/0

4025 6345 34 30 47
4074 6344 38 31 50

4123 6343 20 32 0

4144 6343 34 37 /C

4207 6344 52 31 128
4279 6344 39 32 00

4337 6343 52 32 128
4409 6345 39 31 00

4491 6345 38 30 47
4550 6344 38 32 50

4619 6346 39 30 47
4678 6346 40 31 00

3574 6381 177 38 Septembre

3850 6384 37 30 47
3901 6384 37 30 12
3952 6383 56 37 0/0

4025 6385 32 28 47
4072 6384 37 30 35

4123 6385 19 27 0

4144 6381 35 38 /0

4204 6385 56 30 128
4279 6383 39 31 50

4336 6384 53 30 128
4409 6385 39 28 50

4488 6385 39 30 47
4546 6385 39 28 75

4619 6386 39 28 47
4680 6387 37 28 85

3573 6420 131 32 Octobre
3716 6420 109 33 1901..

3850 6423 35 31 47
3899 6423 40 31 00
3952 6423 56 37 0/0

4025 6424 32 31 17
4071 6423 38 30 25

4144 6423 35 37 /O

4201 6424 58 31 000
4279 6424 38 30 00

4332 6424 57 31 COU
4408 6424 40 32 00

4487 6424 40 31 48
4546 6424 40 31 CO

4618 6425 39 30 47
4680 6426 39 30 50

3351 6365 41 128 Avis
3360 6230 33 106 aux
3351 5784 56 413 Commerçants

3417 6311 32 234 L'I*PRIUERIB
3418 6119 31 176 BRETONNE
3428 6067 22 33 ie
3422 5822 31 220 reoommande
3423 5688 32 117 «pôcia-

3459 6470 28 113 lemenl
3467 6396 21 61 aux
3458 6143 35 236 Commerçant*
3468 6037 28 78 pour
3463 5943 26 67 loai
3461 5871 30 44 le»
3461 5689 38 162 imprimés

3496 6510 31 74 dont
3496 6456 31 40 ils
3497 6261 37 178 pourraient
3497 6159 30 87 avoir
3498 6025 30 118 be»oin.

4760 6463 32 90 Tfew
4760 6409 32 39 de
4762 6273 34 115 lettre*,
4761 6089 35 156 Faolare»,
4761 5849 40 209 Boveloppci,
4765 5698 24 120 Mémo-

4799 6457 31 135 randum
4821 6433 14 7 ,
4799 6204 38 191 QaîlUoot»,
4800 6044 32 131 Ctroeia
4802 5982 30 19 à
4801 5815 37 143 «oaobei,
4802 5717 22 70 Kti-

4841 6471 34 120 quettea
4847 6381 24 74 »TBC
4839 6254 31 111 œillet»
4848 6159 28 78 poar
4848 6115 22 39 eu
4840 6035 35 72 vois,
4843 5871 33 156 maudit»,
4846 5785 31 70 etc.,
4847 5704 26 64 elo.
