4996 6817
78 240 99 32 vetege
210 237 159 34 d'apporter
399 240 61 26 lear
490 248 135 19 oonooura
652 240 106 31 cflcotif
785 252 37 20 an

77 279 104 26 mcyen
197 272 33 27 de
246 273 177 28 ootiaatians.

111 307 144 28 Lcrataur
281 311 124 33 apprend
439 312 84 32 qu'en
553 317 79 22 oatra
659 313 48 27 de»
738 322 60 18 tom-

77 341 87 28 breux
183 344 85 33 petit*
285 346 91 31 porte*
391 344 171 30 dinéminé»
588 354 48 20 nr
665 348 27 28 la
709 351 69 32 acte,
793 350 30 27 la

77 377 113 28 Sceiété
216 386 19 20 a
262 379 48 26 de«
338 378 213 30 ambarcatian»
580 383 17 26 à
624 383 194 28 Saint-Malo.

77 411 93 34 Breal,
185 412 210 35 Port-Javalo,
425 415 43 27 La
496 416 125 33 Trinité,
651 418 109 28 Palai».
791 419 28 28 la

76 448 150 28 Rochelle.
252 449 25 27 Il
305 450 63 27 tant
393 450 107 34 grauir
529 461 98 20 enoora
656 457 72 24 oette
757 455 50 27 flot-

73 483 65 28 till»
152 485 28 26 et
190 484 139 30 répandre
344 485 17 27 à
377 487 144 31 profusion
540 488 40 26 lee
602 489 103 33 engin»
718 497 6 22 ;
752 490 67 27 e'eet

77 527 48 25 par
155 519 97 27 10.000
282 520 72 33 qn'il
383 520 63 27 fa«t
478 523 183 32 aujourd'hui
692 527 128 32 compter

74 554 40 27 lee
130 554 60 27 via*
208 555 155 27 humaine»
379 559 117 25 eauvéet
509 559 17 27 à
540 557 85 28 l'aida
637 559 34 27 de
696 567 44 20 oa*
768 567 37 25 ap

73 589 116 34 pareil*.

109 624 66 33 Car,
202 625 138 28 oontinaa
378 625 43 30 M.
464 626 163 34 Berthault,
676 637 72 20 nou
784 638 35 20 ae

73 667 125 20 ■omma*
231 661 81 34 point
348 670 33 19 en
431 663 83 32 pelae
548 663 34 27 de
631 666 115 26 trouver
772 666 46 27 da»

73 697 133 25 bontmea
241 696 119 27 dévoué»
392 698 76 33 prêt*
487 698 18 27 i
539 699 128 27 eaoriter
692 700 64 27 leur
772 702 46 27 Tle

74 738 71 26 pour
172 738 50 20 eau
227 738 47 19 ver
308 732 71 26 eelle
407 731 34 28 de
465 733 77 27 leuri
567 742 27 19 *e
599 742 27 20 m
632 736 125 32 blabla*;
783 744 33 19 on

73 770 100 24 trouve
189 768 126 33 tocjouri
332 769 65 25 aeat
412 768 80 28 héro*
508 771 96 31 quand
638 769 22 30 il
677 771 64 28 n'en
757 772 60 28 faut

73 802 99 34 qu'an.

107 836 44 30 M.
184 836 133 30 Bertault
340 846 80 27 paeie
455 840 185 27 maintenant
665 849 34 19 en
732 848 86 21 revue

73 872 40 27 le»
138 878 124 24 travaux
285 873 132 30 eflaatoé*
441 881 52 27 par
516 875 40 27 la*
581 875 126 28 dernieri
742 876 56 28 Con-

71 909 72 33 grè».

107 945 45 25 An
171 944 122 35 Coagrè*
309 944 33 28 de
358 944 194 35 Saint-Malo,
576 946 51 35 qui
641 954 30 19 ae
698 946 56 28 iiat
782 956 34 19 en

73 978 78 28 1891.
165 979 43 27 M.
227 978 35 28 G.
280 979 116 28 Haœon
410 981 130 33 c'eecupa
562 983 207 33 ipéoialement
784 983 33 26 de

72 1016 221 26 l'amélioration
309 1016 33 26 de
356 1016 30 27 la
398 1016 148 27 condition
569 1017 104 28 eooiale
689 1017 37 27 da
755 1025 41 20 ma-

71 1049 58 27 rin.
145 1049 76 28 C'eet
235 1049 34 28 de
282 1058 31 19 œ
328 1049 124 35 Congrèt
468 1059 56 26 que
542 1052 89 32 partit
646 1052 27 27 le
687 1059 65 20 vœu
767 1055 50 33 qui

70 1087 133 26 atiimile
216 1094 37 19 au
269 1085 91 28 eoldat
376 1088 97 26 tombé
487 1094 50 20 eur
550 1088 26 26 le
592 1088 106 33 champ
723 1088 33 26 de
771 1087 31 30 ba-

71 1120 81 28 taille
165 1120 25 27 le
206 1122 152 26 «auvaienr
372 1121 119 27 victime
504 1122 33 27 de
550 1129 51 20 aon
617 1122 197 30 dévouement.

72 1155 41 28 Ds
125 1159 72 24 oette
210 1156 119 27 récaion
347 1159 83 25 sortit
445 1157 159 34 également
634 1159 27 27 la
689 1159 125 27 création

71 1192 47 26 de*
132 1192 89 26 école»
236 1192 33 26 de
287 1192 94 33 pêohe.
399 1192 25 26 A
449 1192 41 27 La
506 1192 149 33 Rochelle,
680 1201 37 19 on
745 1194 57 27 l'oo-

70 1233 74 27 •upa
158 1230 111 24 eurtout
292 1226 48 28 dee
367 1227 102 34 engin:
498 1228 144 34 pratiqua»
660 1235 6 25 ;
693 1230 65 26 c'esi
788 1231 27 26 là

70 1264 84 33 qu'on
171 1263 148 32 vulgarisa
330 1263 40 27 le*
386 1263 89 27 boitai
490 1263 34 26 de
540 1270 122 26 aeoour»,
679 1264 41 26 le»
738 1265 61 27 vile-

72 1299 94 25 ment»
183 1293 113 33 Robert,
314 1297 26 27 le
357 1298 100 27 bateau
472 1296 112 37 Henry,
601 1298 97 28 l'ldéal
713 1299 38 27 du
770 1302 33 26 ba

71 1336 64 25 teau
161 1332 224 28 iasubmeriible
400 1341 7 22 ;
435 1341 37 19 on
500 1342 19 26 y
548 1336 197 32 expérimenta
775 1336 39 26 le»

71 1369 92 25 (niée*
178 1375 70 26 pour
262 1368 26 26 le
302 1368 84 34 flltge
400 1369 34 25 de
445 1369 102 26 l'huile
557 1374 28 21 et
595 1370 26 26 le
632 1370 102 26 radeau
745 1377 69 26 pour

71 1404 162 31 naufragé».
248 1403 46 27 Au
309 1402 123 35 Congrès
449 1404 33 26 da
497 1402 92 33 Pari»,
607 1411 34 20 oa
658 1413 17 19 a
702 1408 112 25 surtout

67 1439 137 27 •xamlaé
219 1439 30 27 la
262 1440 131 32 qoaetiea
410 1440 47 26 de»
485 1440 137 32 pécheur»
652 1440 34 27 de
713 1440 98 28 Terre-

66 1472 112 27 Nanve.

103 1507 74 31 C'ait
200 1517 56 20 une
288 1509 131 34 quaetion
452 1509 69 27 dont
555 1518 70 20 non»
659 1518 70 20 noue
765 1518 31 20 oo-

66 1551 138 26 ouparon»
222 1545 143 32 beaucoup
377 1552 35 19 an
429 1544 124 35 Coagrè»
568 1545 33 26 de
614 1545 120 32 Nantea,
764 1554 47 18 car

66 1579 22 27 il
105 1587 19 25 y
138 1587 17 20 a
184 1579 144 34 beaucoup
356 1581 18 26 à
386 1579 72 28 (aire
472 1587 71 26 pour
569 1581 143 33 l'hygiène
728 1583 27 26 et
784 1583 26 26 la

63 1616 123 26 aéanrité
200 1616 47 26 dae
263 1616 110 26 marine
384 1615 50 34 qui
445 1616 102 27 vivent
561 1616 33 26 da
604 1616 28 27 la
644 1616 86 28 alebe
739 1616 71 28 dan»

65 1650 43 27 le»
123 1650 111 33 région»
250 1651 129 32 polaire».

98 1683 83 30 Troi»
197 1685 189 33 importante»
410 1687 145 33 qneitiom
570 1689 94 25 aèrent
692 1688 117 27 traitée»

61 1727 71 20 avec
146 1720 145 33 bsauooup
306 1721 33 26 de
353 1721 73 27 aoin.
444 1721 162 35 Sauvetage
632 1723 17 26 à
666 1722 66 27 bord
759 1724 47 25 de*

65 1756 106 33 grand»
189 1755 154 34 psquebot»
359 1765 7 24 ;
384 1760 151 32 eanvetage
549 1759 46 25 de»
613 1760 113 25 navire*
741 1757 17 26 h
781 1759 28 27 la

63 1792 61 26 c6te
138 1794 26 24 et
193 1792 194 33 eignalament
415 1792 18 28 à
459 1792 129 28 dieunoe
617 1792 47 28 dee
693 1793 115 28 navire*

60 1826 72 27 dane
150 1828 27 25 ia
194 1827 109 26 brume.

98 1860 43 30 M.
158 1860 154 30 Bertbault
328 1871 34 19 ne
378 1864 83 26 deote
478 1871 47 26 pas
542 1871 54 26 qu»
612 1865 40 26 l»a
681 1864 124 27 Nantsla

61 1904 17 19 ■
92 1898 169 26 acenaUlent
289 1898 275 32 ebalrareu»emeni,
606 1899 112 27 l'année
748 1907 43 22 rro-

63 1933 113 27 obalan,
198 1933 40 26 le*
253 1933 201 35 MDgrrß<l(tai
468 1937 28 24 et
510 1935 125 27 termine
661 1943 47 19 «on
729 1935 60 27 iaté-

63 1971 124 24 reoante
206 1969 163 26 coiiféreDoe
384 1977 32 18 en
448 1971 132 31 espérant
608 1977 54 27 qne
690 1974 61 24 tout
781 1970 25 27 le

59 2003 103 26 inonde
177 2003 107 27 Tondra
299 2004 64 26 voir
376 2006 27 26 la
420 2004 107 27 Franoe
540 2006 149 26 eoniinaer
699 2008 17 25 à
729 2007 74 26 tenir

57 2037 27 27 le
100 2039 122 33 premier
235 2047 71 26 rang
321 2041 94 32 parmi
441 2041 40 26 le»
496 2041 115 26 nation*
638 2042 163 33 généreuses

58 2075 25 24 ti
99 2073 185 28 seeonrables.

94 2133 149 32 Société
256 2139 188 27 euvriér*.
540 2139 26 31 Il
596 2139 84 32 vient
707 2139 38 32 de
769 2148 32 22 sa

54 2177 106 28 fonder
177 2178 17 27 à
213 2177 124 32 Rennes
363 2186 60 22 ose
448 2179 187 31 anooiation
660 2179 139 31 ouvrière

53 2217 193 35 coopérative
272 2217 39 31 4e
339 2217 146 38 peintre».
515 2218 63 31 Son
594 2220 81 35 liège
703 2219 94 30 lacial

53 2262 44 22 en
112 2255 61 32 fixé
190 2263 53 24 roe
259 2256 37 31 de
312 2256 123 37 Rohan,
454 2256 33 32 7.

91 2304 58 32 Un
185 2311 216 35 sauvetage.
500 2309 77 32 Hier
601 2311 90 35 après
707 2311 86 37 midi,

51 2355 67 22 ver»
135 2347 72 39 cinq
224 2348 119 34 heure»,
365 2348 44 30 M.
426 2348 37 32 C.
481 2349 111 34 Véron,
611 2350 38 31 de
670 2353 32 27 la
716 2354 60 27 mai-

50 2395 57 21 son
122 2387 103 31 Véron
240 2394 28 24 et
293 2387 44 32 Le
352 2388 60 33 Ho,
444 2398 31 21 se
504 2392 132 27 trouvait
664 2392 78 28 dan»
765 2393 30 27 la

50 2427 113 37 prairie
194 2426 105 39 Delyi,
328 2428 132 30 derrière
485 2430 30 28 la
544 2438 53 21 rue
626 2430 37 31 de
693 2431 87 31 Breat

50 2474 72 22 avec
154 2467 52 30 de»
221 2467 139 30 ouvriers
392 2476 37 21 en
465 2469 80 30 train
575 2470 149 31 d'abattre
741 2471 52 30 dea

50 2506 155 37 peuplier»
219 2507 138 37 lorsqu'il
372 2507 137 30 entendit
526 2509 52 30 de»
600 2510 129 30 femme»
756 2511 37 31 de

45 2545 111 31 l'autre
171 2546 66 30 061*
253 2548 37 30 de
305 2548 30 28 la
350 2548 122 34 rivière,
497 2549 78 28 crier
591 2558 40 19 au
644 2558 128 21 itcourt
783 2549 6 31 I

86 2585 45 30 M.
149 2585 38 31 C.
202 2585 103 32 Véron
320 2593 145 24 accourut
494 2593 27 25 el
550 2597 184 26 apercevant
750 2600 40 21 un

44 2627 106 30 enfant
167 2628 52 35 qni
234 2635 32 21 se
292 2628 107 37 noyait
428 2636 39 20 au
491 2629 107 30 milieu
628 2629 38 31 de
693 2631 31 27 la
748 2631 28 28 ri-

41 2667 84 28 vière
142 2674 31 22 se
187 2667 60 37 jeta
262 2667 17 27 i
295 2667 79 28 l'eau
400 2672 63 25 tont
485 2668 71 27 vêtu
582 2673 28 26 et
637 2669 109 30 réusait
772 2672 17 27 à

44 2713 142 22 ramener
200 2714 53 20 sur
268 2706 30 28 la
317 2707 87 35 berge
429 2707 27 31 le
484 2709 202 30 malheureux
716 2711 73 34 petit

39 2753 72 30 gars
123 2745 52 38 qui
194 2746 117 37 malgré
333 2747 30 27 la
384 2746 118 37 giande
530 2748 139 35 quantité
699 2750 87 28 d'eau

39 2787 158 31 abiorbée,
229 2793 38 20 ne
292 2786 87 28 tarda
409 2794 54 28 pa*
490 2789 18 26 à
536 2789 165 35 reprendre
715 2797 57 21 con

38 2824 178 31 naissanor.
233 2824 54 31 Cet
304 2825 116 33 enfant,
449 2824 51 31 fils
526 2826 37 30 de
593 2826 44 30 M.
657 2826 126 38 Hsgrel,

39 2872 54 21 rne
109 2864 35 30 de
163 2864 97 34 Brest,
279 2863 46 35 34,
344 2864 50 31 eût
409 2871 157 24 inrement
583 2868 61 33 péri
670 2876 72 19 »acs
756 2869 30 28 la

37 2904 31 30 la
83 2911 189 30 courageuse
285 2904 207 30 intervention
507 2906 37 30 de
572 2906 43 28 M.
633 2907 109 30 Véron.

78 2943 83 30 C'est
175 2947 32 26 la
220 2943 133 30 seoonde
378 2944 58 28 fois
465 2953 60 28 que
553 2944 44 28 M.
624 2946 100 31 Véron
754 2956 30 20 se

37 2982 158 37 distingue
209 2982 77 30 dans
314 2992 50 20 ces
386 2983 185 31 oosdiiions.
598 2985 26 30 Il
652 2993 21 31 y
697 2994 19 21 a
742 2995 41 21 un

37 3022 80 30 mois
132 3024 129 28 enviran
280 3024 24 28 11
318 3022 85 30 arait
418 3024 69 37 déjà
509 3027 94 27 sauvé
619 3033 41 21 nn
676 3026 105 31 enfant

37 3064 71 37 près
123 3063 38 30 de
174 3061 162 30 l'abattoir.

76 3113 230 30 Distinction
322 3113 154 30 méritée
567 3116 89 30 Nous
670 3125 96 30 appre

35 3162 79 22 nous
130 3162 76 21 avec
233 3156 30 27 le
279 3156 70 35 pins
376 3155 46 28 vif
451 3155 109 38 plaisir
586 3156 113 38 qu'ane
716 3159 43 28 mé-

34 3195 97 28 daille
145 3194 37 30 de
200 3195 111 28 bronze
324 3194 99 37 grand
441 3195 124 31 modelé
581 3202 81 24 vient
687 3197 93 35 d'é:re

33 3234 149 30 déoeroée
198 3242 54 28 par
268 3233 33 30 M
331 3236 27 27 Je
376 3234 142 30 Ministre
533 3234 52 31 des
611 3234 137 32 finances
764 3243 14 24 à

33 3280 87 24 noire
143 3278 220 32 sympalbique
391 3274 182 38 concitoyen
604 3275 33 30 M
672 3275 86 31 Cban-

31 3321 91 26 veau,
139 3313 69 28 chef
223 3314 41 28 du
282 3314 113 28 bureau
412 3313 38 31 de
468 3314 26 28 la
508 3313 110 32 Csisse
640 3315 53 30 des
724 3317 37 31 Dé-

33 3353 70 37 pôts
116 3357 30 26 el
161 3352 242 38 Consignations
426 3363 15 20 a
468 3354 30 30 la
527 3353 175 32 Trésorerie
729 3358 31 35 gé-

31 3393 117 27 nérale.

71 3431 86 32 Cette
172 3431 40 30 fis.
217 3437 59 25 tien
281 3441 31 22 se
338 3431 181 32 distinction
546 3437 45 26 e«l
617 3443 43 20 an
689 3435 71 30 ho-li-

31 3480 91 30 mage
138 3472 98 30 rendu
252 3481 39 21 an
321 3472 203 31 dévouement
540 3474 73 30 acif
641 3483 59 28 que
730 3475 43 31 M.

30 3513 172 30 Chauveau
216 3516 138 32 apporte,
369 3511 109 37 depnii
494 3514 154 35 plusieurs
661 3516 113 28 année*

30 3552 80 37 dfjà,
128 3560 39 20 an
183 3550 118 31 service
317 3550 25 30 ci
376 3550 169 37 important
560 3553 37 30 de
611 3555 32 26 la
665 3554 109 31 Caisse

28 3592 158 30 nationale
215 3589 52 31 dei
294 3591 138 30 retraite*
459 3600 74 26 pour
574 3593 30 27 la
619 3593 155 32 vieillesse

26 3631 80 28 dans
122 3633 27 26 le
162 3631 213 35 département
389 3630 91 31 d'llie
497 3631 176 32 ei-V,laine.

69 3680 77 31 Feu
172 3680 46 30 de
247 3679 204 31 cheminée.
542 3683 41 30 L«
609 3684 67 31 naît
704 3685 54 31 der

27 3724 94 33 nifcre,
156 3731 66 20 ver»
252 3723 123 32 minuit,
400 3731 41 21 nn
476 3723 50 30 (eu
554 3724 37 30 de
613 3724 159 32 obeminée

26 3765 72 30 a'eil
115 3763 123 30 déolaré
260 3762 74 28 ohrz
352 3762 43 28 M.
423 3762 194 37 Beaugeard,
645 3763 104 32 demeu-

26 3806 69 28 rant
112 3803 165 28 boulevard
295 3803 35 28 de
348 3802 91 33 Meta,
454 3801 19 31 G
500 3801 99 39 Apréi
617 3804 148 38 quelque»

24 3843 136 30 instants
174 3842 38 30 de
227 3842 122 32 travail,
367 3842 21 28 11
402 3850 19 20 a
432 3844 46 27 étâ
493 3843 92 30 éteint
601 3849 71 25 *am
694 3844 74 37 qu'il

22 3891 21 30 y
58 3882 43 30 ait
115 3882 38 30 dn
180 3881 105 37 dépits
301 3881 119 31 sérieux
450 3881 32 32 ni
519 3881 189 32 d'accidents
733 3883 37 31 de

28 3930 180 27 personnes.

141 3986 201 31 PETITES
369 3987 285 30 NOUVELLES

58 4048 193 27 Tribaaal
276 4048 50 27 «le
350 4055 222 20 ee>ssameree
594 4049 48 27 de
669 4050 74 26 Rrn-

22 4090 81 20 saes.
170 4087 40 22 Ai
214 4084 136 25 semblées
364 4083 35 27 de
426 4084 150 27 créancier
578 4093 24 18 ».
664 4083 35 27 27
719 4093 33 20 no-

20 4121 126 26 vembre.
167 4119 32 26 10
213 4120 41 30 h.,
270 4120 106 26 faillite
393 4120 162 27 demoiselle
570 4119 90 37 Savy,
678 4121 77 27 reddi-

19 4154 63 27 tion
99 4155 33 26 de
146 4157 112 34 eompte
274 4155 35 25 do
327 4154 113 33 syndie.

57 4188 34 26 2#
107 4186 164 37 novembre,
285 4187 32 28 10
332 4189 43 32 h.,
394 4189 106 27 faillite
517 4188 168 34 Héiandais,
704 4191 47 27 red-

18 4224 96 28 dition
130 4225 33 27 de
177 4228 112 31 eempte
304 4225 39 27 du
356 4225 113 34 syndie.

56 4259 34 26 29
107 4260 163 28 novembre,
291 4259 32 27 10
338 4260 30 26 h.
386 4261 41 31 lit
468 4259 107 28 (ailllte
604 4260 164 28 demoiselle

19 4292 122 31 Boliou.
159 4294 137 43 première
313 4296 130 31 réunion,
464 4298 58 25 état
550 4296 33 27 de
611 4297 150 32 situation,

19 4328 187 30 nomination
222 4331 38 26 du
275 4330 113 34 syndie.

56 4378 195 26 Uemeate
265 4377 70 27 des
364 4378 142 28 Tentes
534 4380 231 27 mobilières

17 4415 39 27 d*
70 4416 28 26 la
113 4415 129 27 semaine
254 4415 37 26 ùu
307 4415 32 26 24
356 4414 156 28 novembre
526 4422 37 20 an
650 4416 92 26 décem-

20 4450 47 25 bre
84 4448 76 28 1901.
227 4448 96 27 Lundi
338 4448 18 27 8
370 4449 32 27 h.
419 4453 28 25 et
465 4448 11 27 1
494 4453 41 28 h.,
548 4459 48 19 rue
609 4450 34 26 de
656 4449 107 34 Redon,

17 4483 19 37 S
54 4483 19 37 4
92 4483 152 37 Matériel
273 4486 229 33 d'entrepreneur
530 4485 33 27 de
595 4486 164 34 charpente,

18 4520 71 28 bois,
117 4520 138 32 meubles,
283 4519 125 28 voitures
444 4520 164 31 oharrettes,
634 4521 128 32 harnais,

15 4560 46 22 ele

51 4590 97 28 Mardi
168 4590 18 26 0
200 4591 31 27 h.
244 4592 30 26 «t
289 4590 13 28 1
319 4591 41 32 h.,
376 4598 51 20 rue
441 4591 32 27 de
488 4591 96 27 Redon
609 4590 34 28 SI
661 4597 7 19 :
685 4591 59 30 Con-

14 4625 158 28 tinuation.

50 4661 141 27 Mereredi
206 4659 13 27 1
236 4662 41 31 h.,
288 4669 48 19 rue
348 4659 39 30 Le
403 4661 120 27 Bastard
550 4659 31 28 13
595 4661 52 32 bit,
661 4661 83 30 chaus-

13 4703 79 19 sures
107 4703 34 19 en
158 4700 64 24 tons
236 4703 98 24 genres
350 4697 80 32 après
446 4696 116 27 (aillite.

46 4730 85 30 Jeudi
148 4730 13 27 1
177 4731 18 27 h
213 4750 6 7 .
236 4729 86 30 HOtel
337 4730 47 28 des
402 4730 104 28 Ventes
526 4736 8 20 :
563 4730 141 33 Meubles,
722 4731 26 28 li-

12 4768 81 25 terie,
111 4766 162 27 ooffre-lort.

120 4853 27 32 A
180 4853 92 32 NOS
305 4853 351 32 DEPOSITAIRES

56 4924 105 33 Nous
178 4923 123 40 prions
318 4923 226 34 instamment
562 4924 98 33 MM.
696 4935 64 22 nos

879 227 242 44 dépositaires,
1143 229 44 33 de
1206 240 43 25 ne
1265 241 66 34 pas
1345 230 117 45 régler
1482 231 34 34 la
1533 240 96 28 vente

878 270 44 34 de
971 285 63 22 nos
1089 272 291 39 hebdomadaires
1420 276 110 41 (Echo
1586 281 41 33 de

879 317 145 40 l'Ouest,
1045 318 130 35 Dolois,
1199 319 237 44 Montfortaiß)
1469 321 138 44 conjoin-

880 365 125 31 tement
1025 370 83 26 avec
1127 361 281 37 /'Ouest-Ecisir.
1435 363 93 37 Cette
1548 378 60 22 con-

882 403 117 35 fusion
1026 404 197 45 complique
1248 412 99 30 notre
1377 409 246 44 comptabilité.

878 449 66 33 Les
979 449 222 34 bordereaux
1237 452 60 33 des
1333 450 292 39 hebdomadaires

881 496 78 31 sont
973 494 149 44 envoyés
1142 494 135 46 chaque
1290 494 185 44 trimestre,
1494 500 22 33 à
1527 504 94 39 pari.

974 593 547 44 Rennes-Artiste

1120 679 20 19 c
1161 672 189 27 Wrrtbtr
1368 680 21 19 »

913 703 38 28 Ce
979 704 57 28 totr
1058 709 139 32 première
1221 709 33 26 de
1287 707 136 28 Werther
1449 718 37 20 au
1514 712 111 27 théâtre

875 737 33 28 de
926 738 125 30 Rennea.
1067 741 34 28 Si
1115 742 27 37 je
1157 751 35 19 ne
1208 751 45 19 me
1267 745 112 33 trompe
1395 745 26 27 le
1449 745 72 30 beau
1553 748 51 27 dra-

878 781 45 20 me
938 775 116 37 lyrique
1065 778 33 26 de
1114 777 145 30 Maaienet
1274 778 46 28 n'a
1332 787 51 27 pat
1395 788 70 26 paru
1480 789 48 20 tur
1544 788 81 21 notre

875 810 81 26 »eène
972 811 102 34 depui»
1089 814 112 26 l'année
1217 814 34 26 da
1279 814 28 27 la
1329 815 76 34 régie
1434 816 188 35 municipale,

875 846 73 26 alor»
964 853 56 27 que
1035 846 74 28 Mile
1136 847 111 28 Valliar
1272 850 132 28 chantait
1433 850 149 30 Charlotte
1597 854 27 25 et

876 879 41 28 M.
935 879 69 34 Deo,
1022 881 148 30 'Werther.
1188 882 43 30 La
1246 886 226 33 repréientation
1488 887 78 28 avait
1580 888 44 26 été

875 914 103 32 bonne,
997 918 74 26 mai»
1084 918 195 33 l'impraiiion
1300 922 131 32 générale
1448 931 34 19 ne
1506 924 44 26 fut
1578 931 31 19 ce-

876 952 125 31 pendant
1017 958 51 27 pa»
1083 954 56 25 tri»
1154 953 164 35 favorable;
1335 956 137 28 Werther
1501 965 33 19 ne
1564 957 59 27 tint

875 992 53 27 que
944 994 53 26 peu
1012 989 33 26 da
1058 987 79 34 jouri
1170 990 135 27 l'afiche.
1333 991 27 27 A
1388 991 215 35 l'Opéra-Comi-

875 1029 65 26 que,
953 1022 25 27 il
993 1022 54 31 fut,
1063 1030 69 20 avec
1147 1024 28 27 la
1207 1023 183 35 Vivandière,
1409 1026 148 28 l'oceaiion
1574 1028 46 26 de»

876 1056 136 32 premiers
1030 1061 94 24 lueeè»
1155 1059 34 26 de
1213 1059 74 28 Mlle
1315 1061 104 33 Delna,
1449 1070 33 18 en
1512 1062 67 26 IW3
1596 1063 27 33 je

874 1093 72 24 crois
961 1098 8 20 :
986 1093 168 28 l'éminente
1169 1095 99 26 artiate
1291 1096 110 27 n'avait
1429 1097 74 27 alor»
1519 1106 54 25 que
1589 1098 33 26 18

873 1133 35 20 ou
927 1124 14 35 J
956 1124 14 35 9
984 1124 41 35 ana
1037 1127 6 26 !
1062 1127 116 33 L'opéra
1193 1131 33 25 de
1240 1129 116 30 Tienne
1370 1133 80 26 avait
1473 1131 148 28 d'ailleura

873 1161 133 28 aecaeilli
1019 1163 119 27 l'œuvre
1153 1165 37 26 da
1206 1170 191 28 ooicposileur
1417 1167 126 33 français
1573 1169 47 26 dis

874 1196 105 26 l'abord
994 1200 28 25 et
1048 1199 66 26 o'est
1129 1199 28 26 1&
1173 1199 104 33 qu'elle
1292 1200 44 28 vit
1351 1208 70 26 pour
1436 1202 28 27 la
1481 1205 139 32 première

873 1231 54 26 foi»
941 1232 26 26 le
983 1232 46 27 feu
1043 1233 34 26 de
1090 1233 30 27 la
1133 1241 107 26 rampe.

908 1265 22 30 C
940 1270 43 24 eat
998 1276 38 19 un
1051 1267 100 28 drame
1167 1269 66 27 bien
1247 1270 150 30 allemand
1413 1280 57 27 que
1495 1274 76 27 oeini
1586 1274 33 27 de

880 1302 132 27 Werther
1025 1305 28 25 et
1069 1303 26 27 le
1116 1304 84 34 génie
1232 1305 33 27 de
1296 1305 104 31 Goethe
1433 1317 30 19 ae
1491 1312 129 25 retrouve

874 1342 60 21 tout
948 1337 102 33 entier,
1067 1345 69 21 aveu
1150 1348 32 19 ia
1211 1339 72 28 forte
1310 1343 171 33 empreinte,
1502 1344 71 28 dan»
1590 1345 26 27 la

873 1372 85 27 livret
971 1372 33 26 de
1018 1375 28 26 la
1062 1375 138 32 partition
1217 1376 152 33 française.
1385 1377 77 30 C'eet
1483 1388 38 19 an
1552 1381 50 26 dra-

875 1414 43 19 me
933 1407 93 35 triste,
1042 1410 113 32 pénétré
1170 1409 84 30 d'une
1270 1413 87 27 doaoß
1372 1414 229 33 mélanooiie,tra-

873 1444 76 24 ver»é
966 1450 50 26 par
1030 1444 33 26 de
1078 1444 169 35 poignantea
1264 1448 152 26 émotions.
1434 1448 25 28 Il
1475 1449 63 28 faut
1553 1449 51 30 l'al-

870 1478 41 26 ler
926 1478 63 27 voir
1002 1486 70 19 aveo
1085 1480 167 28 l'intentioa
1269 1483 33 26 de
1318 1485 111 32 plenrer
1443 1487 28 25 et
1496 1485 33 27 de
1545 1485 57 27 a'at-

870 1512 109 27 tendrir
994 1520 7 19 :
1013 1517 18 24 à
1045 1518 71 25 aette
1141 1518 158 31 oondition,
1326 1518 24 27 il
1377 1521 43 24 eat
1449 1519 163 34 captivant;

872 1546 72 28 mal»
958 1556 35 20 on
1010 1557 28 19 ee
1054 1551 175 33 préparerait
1244 1559 57 19 une
1316 1554 120 27 ternelle
1461 1554 151 34 dceeption

868 1590 34 19 en
919 1587 124 28 prenant
1057 1593 50 19 aon
1123 1586 122 28 fauteuil
1260 1596 69 19 aveo
1362 1589 83 27 l'idée
1460 1591 156 34 préconçue

869 1618 32 25 de
917 1625 148 21 «amuiar.

901 1651 155 30 L'hiatoire
1070 1658 40 25 eat
1127 1656 65 26 bien
1201 1656 117 34 eimple.
1329 1656 150 32 Charlotte
1488 1663 27 25 et
1527 1661 65 28 Wer-

866 1688 65 27 ther
944 1698 12 15 e
967 1691 122 30 aiment,
1108 1691 74 27 maie
1195 1691 30 28 la
1250 1694 76 26 mère
1348 1694 34 26 de
1406 1694 150 31 Charlotte
1570 1698 43 27 Ini

867 1723 31 27 fit
913 1728 154 30 promettre
1080 1733 35 20 en
1131 1730 135 24 mourant
1285 1729 63 26 d'en
1371 1730 117 34 épouser
1502 1740 41 19 on
1560 1740 35 21 an-

865 1759 54 27 tre.
930 1779 24 8 ..
971 1765 27 21 et
1012 1759 149 30 Cbarlatte
1175 1769 15 20 a
1205 1762 72 27 obéi.
1293 1762 44 28 De
1351 1765 27 27 là
1395 1767 26 25 le
1436 1768 67 32 long
1518 1767 79 28 désas-

868 1793 67 32 poir,
953 1795 28 27 la
994 1794 104 34 langue
1113 1798 102 33 agonie
1228 1799 34 26 de
1290 1807 78 19 ccear
1393 1800 33 27 de
1449 1801 74 28 deux
1539 1805 73 26 être*

863 1837 67 26 pan
946 1831 48 33 qai
1012 1838 34 19 ne
1063 1838 125 27 ptavent
1201 1841 30 18 ee
1246 1833 132 28 détaeber
1393 1838 61 26 l'un
1480 1838 34 26 de
1540 1838 57 28 l'an-

862 1867 43 24 tre
919 1869 27 24 et
960 1865 50 35 qui
1026 1873 35 20 ne
1076 1867 118 28 veulent
1208 1870 159 33 atpendaat
1391 1872 17 26 à
1433 1879 94 20 aaoan
1545 1874 64 33 prix

865 1907 138 27 manquer
1017 1909 35 20 au
1077 1903 98 27 devair
1202 1909 27 20 et
1259 1906 15 25 à
1303 1905 162 28 l'honaenr.
1483 1906 32 30 Si
1537 1911 73 25 cette

862 1941 139 21 navrante
1017 1936 126 37 Intrigue
1159 1946 35 19 ne
1208 1939 185 35 floieiailpar
1409 1942 26 26 la
1449 1943 110 27 tuloide
1573 1945 34 26 de

862 1969 145 34 Werther,
1024 1972 54 27 elle
1093 1974 86 27 aérait
1204 1975 178 33 pleinement
1408 1978 115 28 morale,
1541 1988 50 24 par-

861 2013 30 19 oe
908 2007 107 33 qu'alla
1030 2007 96 30 aérait,
1142 2016 67 19 sans
1225 2010 93 30 deuta,
1337 2011 93 26 moins
1448 2014 159 28 humain...
1624 2007 1 45 j

894 2040 38 28 Et
947 2046 91 22 toutes
1051 2050 45 18 oea
1111 2046 96 25 scènes
1218 2044 180 27 dcebiranies
1409 2055 28 18 ee
1452 2047 154 32 détachent

860 2083 48 19 sur
934 2078 47 26 de»
1004 2079 122 26 lourira»
1150 2079 155 34 d'enfants,
1322 2088 50 19 ear
1400 2082 206 30 l'imoueiaaee

861 2112 109 28 placide
985 2112 34 26 de
1031 2113 98 26 brave»
1152 2121 70 26 gen»
1247 2114 50 35 qui
1323 2117 102 27 vivent
1453 2119 17 26 à
1499 2121 59 26 côté
1573 2121 32 27 de

857 2144 149 31 Charlotte
1019 2151 28 24 et
1062 2147 139 28 Werther
1214 2157 67 20 sans
1312 2152 129 32 pénétrer
1466 2156 74 25 leur»
1554 2164 33 19 aa-

855 2181 99 33 goise».
972 2190 48 19 mr
1035 2183 41 27 la»
1090 2184 111 26 saillies
1217 2185 84 27 d'nae
1316 2186 93 27 banne
1423 2190 125 26 hnmenr
1564 2199 39 18 an

856 2223 52 26 peu
925 2217 97 27 lourde
1038 2218 73 27 mai»
1142 2219 65 27 bien
1235 2222 130 28 vraie...
1384 2223 67 27 o'est
1472 2224 60 27 dire
1547 2235 54 26 que

855 2252 26 25 le
907 2252 98 27 drame
1032 2256 43 25 est
1103 2254 243 30 admirablement
1374 2257 77 28 aitaé
1474 2259 72 27 dan»
1563 2269 38 19 un

855 2287 103 27 milieu
973 2289 54 25 trè»
1044 2290 79 30 véou,
1140 2290 57 26 très
1212 2290 182 33 intérenant,
1410 2294 51 33 qai
1526 2303 56 20 eom-

855 2330 45 18 me
913 2330 40 19 ua
966 2326 56 25 très
1038 2322 53 30 bon
1117 2326 67 26 fond
1214 2326 33 26 de
1273 2327 71 27 toile
1416 2331 96 25 donne
1526 2331 17 26 à
1557 2340 43 19 »e«

853 2359 74 26 deux
941 2359 190 28 lamentable»
1147 2360 80 27 héro»
1238 2368 39 20 un
1293 2361 83 28 relief
1385 2363 163 34 eaiiiaeant,
1565 2374 34 19 en

852 2393 138 27 énervant
1005 2393 60 27 ieur
1081 2394 118 27 douleur
1213 2396 33 26 de
1261 2399 77 26 toute
1357 2399 27 26 la
1398 2399 58 33 Joie
1472 2402 87 26 naïve
1573 2405 26 25 et

852 2428 94 26 calma
960 2428 51 35 qui
1026 2431 40 25 le»
1082 2431 168 26 environne.

885 2463 146 27 Maiaenet
1045 2471 15 19 a
1075 2466 71 25 éorit
1161 2473 47 19 aur
1224 2474 30 18 oe
1267 2466 74 34 tujet
1357 2476 57 20 une
1431 2470 162 28 admirable

850 2498 137 33 partition
1017 2498 65 30 Elle
1097 2504 70 24 vaut
1182 2502 159 34 largement
1370 2504 70 26 eelle
1469 2505 32 27 de
1532 2506 45 27 Ma-

850 2542 65 24 non,
933 2537 27 24 et
974 2536 46 26 s'il
1035 2536 50 33 n'y
1100 2536 79 27 avait
1199 2536 71 27 dan»
1286 2538 39 26 la»
1339 2539 86 27 »alle«
1440 2541 34 27 de
1488 2542 111 27 thé&tre

850 2569 63 32 plu»
927 2569 32 27 de
973 2578 69 24 grns
1058 2578 91 19 venus
1169 2580 70 26 pour
1253 2574 107 27 sourire
1423 2583 47 20 car
1487 2576 109 30 Manon

849 2604 72 28 n'est
940 2614 119 26 presque
1089 2607 105 33 jamais
1222 2607 83 28 triste
1332 2610 17 26 k
1377 2617 66 19 mon
1475 2620 64 19 sens

848 2646 53 27 que
939 2648 70 26 peur
1043 2642 119 32 pleurer.
1201 2641 137 30 Werther
1374 2646 86 27 serait
1495 2655 100 21 encare

847 2676 65 33 plus
927 2678 107 25 célèbre
1055 2685 54 25 que
1123 2676 109 28 Manon
1260 2678 32 28 Je
1309 2687 34 18 ne
1358 2682 65 31 puis
1436 2681 39 27 ici
1491 2683 91 28 détail-

846 2712 41 25 ler
906 2714 72 24 oette
1005 2712 141 33 parution
1162 2720 7 18 :
1187 2712 65 27 Elle
1276 2718 44 24 est
1346 2717 87 27 écrit*
1461 2725 66 20 aveo
1554 2727 39 19 un

844 2748 44 22 art
915 2746 200 31 merveilleux,
1130 2751 26 22 et
1183 2748 128 34 s'adapte
1338 2758 34 19 au
1403 2752 73 32 sujet
1505 2753 33 26 de
1567 2756 26 26 la

844 2780 80 33 façon
954 2783 30 26 la
1012 2783 64 33 plu»
1103 2783 118 32 intime,
1235 2784 25 26 si
1277 2783 65 28 bien
1365 2787 65 32 qu'à
1444 2787 107 28 décrire
1566 2790 27 26 le

842 2815 107 28 drame.
966 2816 50 33 J'ai
1038 2817 39 27 du
1107 2818 94 26 même
1227 2826 72 27 coup
1326 2822 120 27 analvsé
1475 2823 117 28 l'œuvre

843 2851 149 31 musioale,
1007 2852 63 27 l'on
1097 2855 27 26 et
1150 2854 102 27 l'autre
1280 2862 35 19 ne
1335 2849 164 43 fonfqu'uti
1517 2862 27 25 et
1559 2859 33 27 de

842 2887 169 27 l'ensemble
1025 2888 135 26 émanent
1181 2889 39 26 les
1237 2889 64 34 plus
1325 2890 85 28 fortes
1430 2895 161 27 sensations

842 2928 53 26 qoe
911 2922 56 27 l'on
984 2922 96 33 [aitsi
1094 2927 163 24 rencontrer
1269 2933 37 19 au
1320 2927 120 27 théâtre.

879 2956 182 27 L'exécution
1088 2966 70 21 sera,
1175 2959 15 27 à
1207 2960 63 26 n'en
1297 2966 48 27 pa*
1371 2963 106 31 douter,
1495 2966 79 26 excel-

840 2991 86 27 lente.
943 2992 74 27 Mile
1039 2992 111 28 Darloft
1174 2998 27 22 et
1218 2994 43 27 M.
1277 2994 135 30 Salvator
1426 3002 51 22 ont
1492 3001 78 32 préei-

840 3028 112 26 aémeat
979 3032 91 22 toute»
1098 3028 41 27 lca
1167 3031 124 33 qualité»
1320 3033 170 27 nécessaires
1518 3044 70 25 pour

839 3061 169 34 interpréter
1022 3063 33 27 de
1070 3064 79 32 f*<.on
1168 3065 161 33 tapérieara
1344 3074 30 19 c»
1390 3066 71 30 beau
1488 3070 98 28 drame

839 3096 126 34 lyrique.
977 3096 39 30 Ce
1031 3106 59 19 sera
1107 3099 71 26 don-3
1193 3107 38 18 ua
1247 3103 98 25 auoeès
1357 3104 35 25 et.
1404 3103 28 34 je
1448 3103 26 27 le
1488 3112 97 26 pense,

837 3138 38 19 aa
893 3136 94 24 succès
1004 3133 143 34 prolongé,
1165 3142 46 19 oar
1224 3135 107 34 jamaia
1355 3144 70 20 noui
1453 3141 133 27 n'auroa»

836 3175 34 19 au
888 3168 118 33 pareille
1029 3168 231 35 interprétation,
1277 3171 35 32 ai,
1330 3180 112 21 oomme
1467 3175 24 26 il
1521 3177 63 26 n'en

836 3202 61 27 faut
927 3210 50 26 pas
1005 3202 98 28 douter
1140 3204 43 27 M.
1207 3204 33 27 de
1264 3206 126 34 Lestrao,
1404 3207 165 38 intelligem-

837 3240 79 25 ment
945 3239 117 27 seaondé
1090 3246 51 27 par
1169 3239 43 27 M.
1231 3240 61 28 Ncë
1306 3241 123 33 Cadeau,
1449 3248 58 24 met
1524 3248 61 27 tout

835 3280 48 19 •oa
908 3274 58 26 zèla
996 3273 33 26 de
1055 3274 87 34 grand
1173 3275 100 28 artiste
1286 3279 17 25 à
1319 3279 87 33 régler
1421 3281 148 32 soigneuse-

836 3311 79 24 ment
930 3308 28 27 la
973 3308 72 27 mise
1061 3318 33 19 en
1110 3312 91 26 «cène.
1214 3312 124 32 captUle
1349 3321 33 19 en
1395 3314 138 34 l'espèce.,
1557 3318 25 26 si

834 3344 28 26 la
878 3351 26 19 n;
914 3344 44 34 ige
972 3344 105 33 tombe,
1095 3344 25 26 si
1135 3345 40 27 les
1191 3346 122 27 fenêtres
1328 3348 70 27 dans
1414 3351 26 26 1s
1455 3351 124 28 lointain

833 3378 167 28 s'allument
1031 3379 229 35 véridiquement
1293 3383 71 27 dans
1395 3384 27 27 la
1450 3389 65 25 nuit
1546 3389 33 26 de

831 3411 83 35 Ncll,
932 3416 96 26 tandis
1056 3423 54 26 que
1139 3419 40 22 la»
1207 3417 115 28 enfants
1351 3419 138 30 chantent
1519 3422 60 28 leur

834 3449 143 26 délicieux
992 3457 8 18 :

1043 3483 80 26 Jésus
1139 3485 74 25 vieil
1227 3487 32 24 de
1273 3488 96 27 naître,

831 3537 26 26 •t
873 3543 52 27 que
941 3536 157 33 Charlotte,
1115 3539 107 31 affalée,
1239 3544 124 24 aoooart.
1380 3550 35 19 sa
1431 3542 78 30 brait
1530 3546 46 28 des

831 3572 189 32 détonations,
1038 3581 69 26 pour
1123 3575 61 25 voir
1201 3575 109 26 mourir
1324 3575 184 32 Wertner....

865 3606 43 27 £□
938 3615 31 18 o*
994 3615 57 25 «as,
1068 3608 27 26 le
1109 3609 100 33 publio
1230 3612 117 26 rennais
1363 3613 58 27 fera
1437 3617 142 31 psut-êfre

830 3640 46 27 des
900 3641 133 34 dépentes
1058 3646 148 30 exagérées
1221 3646 33 26 de
1270 3647 174 28 mouchoirs.
1463 3650 74 27 mais
1554 3651 21 28 il

829 3676 41 27 lui
899 3681 103 24 restera
1029 3679 65 26 bien
1110 3679 122 34 quelque
1256 3681 83 26 chose
1363 3691 71 25 pour
1447 3692 30 19 a*
1492 3692 87 27 p»yer

828 3712 48 25 des
892 3712 136 27 fauteuils
1039 3713 15 26 d
1067 3716 176 26 orchestra..

865 3748 74 27 Poor
953 3749 149 32 terminer,
1120 3757 38 19 un
1174 3751 135 27 souvenir
1324 3751 33 27 de
1382 3752 43 28 M.
1442 3754 116 37 Tappon-

831 3783 63 26 nler
914 3787 63 22 tout
991 3785 17 25 à
1022 3791 48 19 son
1090 3785 130 27 honneur
1248 3789 27 25 tt
1303 3789 17 25 à
1346 3789 73 27 celui
1450 3795 47 21 des
1517 3800 41 19 mu-

829 3817 105 27 slolms
948 3819 34 27 de
999 3823 79 24 notre
1094 3822 154 26 orobeitre.
1265 3821 69 28 Lors
1348 3823 34 27 de
1406 3824 170 31 l'exécution

827 3853 33 27 de
876 3852 141 30 Werther
1031 3855 69 27 dont
1127 3856 28 34 }•
1183 3857 111 33 parlais
1320 3867 35 19 en
1383 3860 139 30 débutant
1551 3863 25 26 le

827 3888 57 26 soir
898 3891 33 25 Je
944 3889 27 26 la
989 3891 137 32 première
1152 3900 38 18 nu
1220 3894 104 32 a-coup
1354 3902 28 18 se
1410 3896 139 31 produisit
1567 3907 6 18 :

826 3922 46 27 Au
887 3925 172 27 seoondaote
1072 3927 162 26 l'orchestre
1248 3934 104 27 exposa
1367 3937 39 20 us
1421 3931 155 30 charmant

828 3959 81 26 motif
934 3967 51 18 sor
1011 3960 93 32 Nqnei
1133 3969 37 20 Ta
1185 3971 31 18 se
1230 3964 169 34 développer
1413 3973 39 19 un
1468 3969 54 25 duo
1539 3970 33 25 de

827 3992 148 30 Ctarletie
989 3998 27 24 et
1031 3994 136 30 Werther
1192 3998 25 26 A
1232 4005 31 19 ce
1279 4003 139 28 moment,
1436 4009 138 26 personne

826 4037 33 18 en
887 4031 81 26 seine
980 4037 6 24 ;
1013 4031 40 26 les
1069 4031 74 27 deux
1157 4037 111 22 acteurs
1284 4033 117 28 doivent
1416 4038 94 25 entrer
1525 4045 50 19 sur

826 4070 56 20 une
895 4065 125 27 certaine
1037 4074 119 25 mesure,
1173 4076 37 19 au
1224 4076 72 27 coup
1311 4070 34 26 de
1359 4075 130 24 sounetta
1504 4074 57 27 élec-

824 4098 93 35 trique
946 4101 37 27 du
1012 4102 64 26 ebsf
1104 4103 182 27 d'orehesire.
1317 4103 51 34 Or,
1394 4107 18 26 fc
1439 4107 133 30 l'instant

826 4135 230 35 psyohologique,
1078 4136 44 27 M.
1137 4136 184 37 Tapponnier
1350 4148 135 21 sonne...
1507 4150 48 26 per-

823 4176 87 20 sonne
927 4172 119 32 n'entre,
1061 4172 24 27 il
1100 4181 90 19 sonne
1205 4175 32 25 le
1253 4182 178 22 nouveau...
1453 4178 61 27 rien
1548 4180 21 26 il

823 4213 87 20 sonne
925 4213 146 21 enaore...
1095 4208 128 33 toujours
1239 4209 60 27 rien
1315 4208 5 37 !
1337 4209 35 28 El
1394 4213 126 32 pendant
1539 4221 31 19 ee

823 4241 93 33 temps
931 4241 162 28 l'orchestre
1108 4245 164 27 ooatinnait
1289 4248 223 26 naturellement
1535 4250 34 27 de

821 4276 79 33 jouer
912 4284 7 22 ;
935 4278 28 26 la
980 4285 110 20 masure
1106 4279 33 26 de
1162 4279 136 34 l'attaque
1326 4281 70 27 était
1426 4291 91 19 venue
1543 4289 26 22 et

823 4318 48 19 DOS
886 4318 157 20 amoureux
1058 4313 159 27 oubliaient
1233 4316 128 34 toujours
1376 4317 34 27 de
1423 4320 124 30 paraîtra
1561 4313 5 37 !

822 4345 61 32 Qae
912 4345 96 28 (aire?
1033 4349 184 27 Continuer?
1246 4351 93 27 c'était
1368 4354 94 26 aourir
1478 4356 14 25 *
1507 4362 57 21 une

822 4383 187 33 catastrophe.
1039 4383 137 27 S'arrliur
1187 4383 15 27 ?
1230 4387 72 26 c'eût
1329 4388 44 26 été
1408 4389 157 33 pitoyable.

820 4416 93 32 Alors,
930 4426 67 19 avao
1012 4419 176 28 l'étonnante
1217 4422 130 33 présence
1380 4422 119 34 d'eaprit
1514 4431 51 28 qui

821 4453 25 26 le
861 4454 201 28 earaetérieait,
1081 4455 44 26 M.
1150 4455 194 34 Tapponnier,
1375 4460 190 33 rapidement,

819 4495 28 19 se
865 4489 109 31 pencha
987 4489 15 27 i
1017 4489 102 32 droite,
1136 4491 64 33 pois
1215 4493 17 26 à
1246 4494 118 32 ganoha,
1378 4498 27 22 et
1419 4494 59 33 Jeta
1491 4495 18 26 k
1522 4504 44 19 ses

822 4524 154 27 musiciens
1004 4532 39 20 ua
1072 4527 119 26 numéro
1252 4534 37 19 on
1304 4528 56 26 sait
1375 4535 56 27 que
1442 4528 40 27 iea
1499 4538 50 26 par-

819 4558 53 27 ties
900 4559 170 27 d'orohestre
1098 4565 111 28 portent
1228 4570 39 19 un
1285 4567 118 22 numéro
1419 4569 91 24 toates
1526 4569 39 24 las

819 4592 33 27 30
865 4602 35 19 ou
915 4593 34 27 40
965 4603 124 19 mesures
1104 4597 50 34 qui
1170 4600 64 24 sont
1248 4597 46 27 des
1312 4598 96 33 points
1422 4600 33 25 de
1470 4603 94 32 repère

820 4637 69 26 ponr
904 4631 150 32 reprendre
1067 4638 37 19 au
1131 4639 80 19 ooura
1240 4632 47 26 des
1317 4635 167 32 répétitions
1496 4644 67 19 sans

819 4664 79 26 avoir
913 4663 96 30 bssoin
1025 4667 34 26 de
1085 4675 30 19 se
1140 4667 90 27 livrer
1243 4670 17 25 a
1273 4669 149 27 d'inutiles
1439 4671 111 30 explica-

819 4700 85 26 tions.
919 4701 141 30 Aussitôt,
1077 4703 61 26 tout
1154 4703 162 26 l'orebestra
1331 4706 154 33 comprend
1509 4707 54 28 (ait

819 4742 38 19 un
878 4734 73 27 bond
979 4743 34 19 an
1038 4736 104 27 arrière
1156 4744 35 20 au
1209 4741 118 24 numéro
1342 4740 122 34 ikdiqné
1478 4743 26 25 et
1521 4748 28 20 re-

819 4770 87 33 prend
921 4770 26 27 le
963 4773 126 32 prélude.
1106 4772 122 30 Comme
1243 4774 26 26 le
1284 4774 111 27 raeoord
1411 4776 70 26 mit
1499 4783 47 27 pos-

816 4805 74 28 sible
904 4808 27 25 et
946 4807 136 28 semblait
1096 4808 123 32 naturel,
1233 4817 137 25 personne
1385 4811 48 34 s'y
1450 4811 43 30 vit
1508 4820 53 26 que

816 4840 37 27 du
882 4841 56 31 (eu,
969 4845 27 25 et
1024 4851 70 20 aous
1124 4846 208 26 réeateadlmes
1357 4846 73 26 deux
1455 4846 54 27 (ois
1534 4850 28 25 la

819 4877 91 27 ■6me
927 4885 67 26 page
1009 4885 69 20 avec
1106 4879 28 27 la
1162 4879 66 33 plus
1247 4880 106 33 grande
1368 4881 190 30 satisfaction,

819 4911 72 27 mais
917 4920 66 19 sans
1012 4920 70 20 nous
1110 4923 33 18 sa
1187 4915 145 30 douter...
1367 4915 133 30 Pendant
1532 4925 30 19 oe

816 4950 104 30 temps,
935 4948 148 28 Charlotte
1097 4951 27 25 et
1140 4949 137 27 Werther
1292 4951 84 26 firent
1393 4952 60 25 leur
1467 4955 94 25 entrée

1683 237 27 26 et
1723 239 61 26 tout
1799 237 60 28 alla
1873 237 77 30 bien.
1964 240 38 28 Le
2017 243 64 25 toar
2096 242 70 28 était
2180 242 76 34 joué,
2270 244 73 25 mais
2361 253 70 21 LOQS

1683 272 124 30 l'avioai
1822 273 128 35 échappé
1965 275 74 30 balle
2055 276 6 28 I
2242 276 124 31 INTÉHIM

1776 343 50 26 de
1859 343 280 38 ■•atgatllanl
2156 350 24 27 à
2207 350 168 31 Rcniei.

1683 377 43 28 M.
1742 379 33 26 de
1791 378 219 35 Montgaillard.
2027 386 26 26 le
2068 386 109 26 célébra
2192 390 190 25 restaurateur
2398 392 33 26 ci*

1682 412 30 28 la
1724 412 100 27 vieille
1839 415 126 30 chanson
1996 418 150 35 française,
2177 420 145 34 président
2342 423 35 27 de
2401 425 30 27 la

1682 448 78 34 ligua
1774 451 97 25 oootre
1885 450 27 28 la
1926 452 129 30 ohanson
2089 456 39 27 fia
2158 456 34 27 da
2217 456 85 28 sitole
2329 464 17 20 a
2368 458 63 37 déjà

1682 483 92 27 donné
1801 484 71 26 troit
1900 489 325 28 conférence*-conoerts
2254 491 72 28 dam
2350 497 80 25 notre

1681 519 81 31 villa,
1779 519 17 27 à
1809 519 98 31 l'école
1922 524 139 32 Bormala,
2078 527 17 26 à
2107 526 94 27 l'asile
2226 526 89 30 Saint
2331 527 99 37 Méan,

1681 559 37 25 ai,
1734 561 34 18 en
1785 554 113 28 dernier
1926 557 70 30 lieu,
2027 561 171 27 avant-hie»
2226 563 138 27 mercredi
2394 573 37 20 au

1683 588 91 33 Lyeée
1788 588 34 28 de
1838 588 125 32 Rennes.
1981 594 119 30 Partoat
2115 605 50 19 son
2183 599 96 26 auooès
2295 605 14 19 a
2326 600 43 25 été
2383 608 46 19 co-

1781 626 24 44 V
1805 626 47 44 BB
1865 634 20 19 n
1896 631 41 25 Brt
2020 628 106 35 joatiaa
2140 639 48 21 car
2205 632 43 28 M.
2263 633 33 27 da
2329 632 80 32 Mont-

1680 659 124 33 galllard
1817 664 41 24 est
1872 663 17 27 à
1905 664 26 27 la
1945 665 54 26 fois
2015 672 40 20 Bn
2070 667 193 27 ooaférenciar
2276 667 35 28 de
2326 670 102 33 talent,

1681 700 39 19 un
1735 696 142 28 ahanteur
1891 700 27 25 et
1932 705 39 20 an
2002 699 126 34 pianiste
2157 702 34 28 de
2213 705 63 26 tant
2307 705 123 31 premier

1680 728 91 30 ordre.

1715 764 86 28 Aussi
1818 769 89 26 eat-oe
1920 776 69 21 avao
2004 771 90 32 grand
2112 771 103 34 plaisir
2230 781 53 28 que
2300 782 50 21 aos
2372 776 44 27 lec-

1681 801 74 25 teurs
1770 803 194 33 apprendront
1980 804 167 30 l'intention
2169 808 34 28 de
2218 809 44 27 M.
2278 810 33 26 de
2327 809 81 30 Mont-

1678 834 123 34 gaillard
1814 839 34 26 de
1863 837 109 28 donner
1985 847 57 19 uae
2056 841 132 28 audition
2218 846 56 26 tris
2296 846 132 30 prochai-

1680 875 118 25 Bameat
1826 875 14 25 à
1873 874 30 27 la
1931 873 81 28 Salle
2041 875 47 27 des
2117 875 81 31 Fêles
2218 880 34 27 de
2270 880 110 28 l'Hétel
2395 881 33 28 de

1678 905 91 30 Ville.

1742 994 244 46 SOIRÉE
2034 1004 331 45 RENNAISE

1711 1082 171 30 Théâtre
1904 1084 48 27 de
1977 1087 169 31 Rennes.
2236 1091 129 33 Samedi,
2394 1093 34 28 23

1677 1119 164 33 Bovembra,
1858 1121 17 27 *
1889 1119 18 30 8
1923 1123 99 26 heures
2042 1127 27 25 et
2098 1124 104 30 demie.
2230 1127 145 28 Première
2395 1129 33 27 de

1685 1153 132 27 Werther
1820 1175 6 9 ,
1843 1155 99 27 drame
1957 1157 115 34 lyrique
2096 1168 34 19 en
2163 1162 15 26 4
2205 1165 85 30 actes,
2306 1162 120 33 (d'après

1676 1186 124 33 Goethe),
1819 1191 98 32 poëme
1930 1191 32 27 de
1978 1192 77 30 MM.
2070 1194 85 34 Blaa,
2170 1195 111 31 Milliet
2296 1202 26 24 et
2337 1198 71 30 Harl-

1677 1230 99 22 oaann.
1795 1225 133 34 muaiqoe
1944 1227 32 26 de
1991 1227 44 27 M.
2052 1228 156 31 Massenet.

1709 1257 90 30 Avis.
1863 1260 87 28 Loire
1967 1263 26 28 le
2004 1263 115 30 3atle
2133 1266 26 26 4'
2180 1269 63 26 acte
2267 1267 141 34 (Sympho-

1676 1299 46 19 nie
1748 1292 35 28 de
1813 1293 31 28 la.
1870 1296 64 30 nuit
1961 1297 35 28 de
2023 1299 91 33 Noël)
2144 1300 24 28 il
2197 1303 48 33 n'y
2271 1312 71 20 aura
2378 1312 48 24 pas

1675 1326 17 27 d
1702 1329 145 28 entr'acte.

1710 1363 41 27 La
1767 1363 148 31 Direction
1929 1376 17 19 a
1968 1369 152 28 l'honneur
2144 1371 144 35 d'appeler
2310 1376 100 26 l'atten-

1674 1397 61 27 tion
1750 1398 37 27 du
1806 1403 99 31 publio
1920 1410 48 20 sur
1985 1406 27 25 la
2028 1408 224 30 représentation
2269 1410 33 26 de
2317 1419 15 17 a
2342 1410 64 27 Wer-

1672 1433 65 27 ther
1753 1442 25 26 »,
1794 1437 99 27 drame
1917 1440 116 33 lyrique
2061 1442 33 25 de
2122 1441 43 27 M.
2192 1442 156 37 Massenet,
2374 1446 52 33 qui

1674 1475 18 20 n
1703 1476 17 19 a
1735 1478 50 26 pas
1799 1470 44 28 été
1857 1474 64 32 joué
1938 1475 18 26 fc
1970 1475 113 26 Henaas
2099 1475 102 35 depuis
2213 1479 19 26 7
2243 1488 63 19 ans.

1708 1504 125 30 Demain
1850 1508 157 27 dimanche
2022 1511 15 25 à
2053 1509 15 27 8
2087 1512 99 28 heures
2209 1514 53 33 I|4.
2288 1514 17 26 2
2330 1518 79 33 repré-

1674 1540 193 32 présentation
1883 1543 34 27 de
1945 1543 136 34 Carmen,
2099 1548 234 35 opéra-comique
2348 1560 33 19 en
2407 1550 18 28 4

1671 1579 85 28 actes,
1774 1579 133 33 musique
1922 1578 34 27 da
1970 1578 38 28 G.
2023 1579 91 30 Bixet.

1852 1668 167 48 ÉTAT
2042 1693 13 11 -
2072 1680 174 44 CIVIL

1955 1767 182 24 NAISSANCES

1702 1789 44 30 2Ï-
1841 1792 399 43 Aodré-Célestin-Françoi»
2283 1800 136 35 Lejeune,

1668 1832 50 20 rue
1759 1826 109 31 Klébsr
1879 1835 8 25 ;
1935 1830 268 31 Panl-Alexandre-
2209 1834 213 31 Jolien-Marie

1668 1860 150 34 Berbaoli,
1837 1871 111 21 avenue
1962 1865 34 27 de
2009 1865 43 30 La
2066 1866 106 31 Toor-d
2184 1871 164 34 Auvergne.

2004 1917 100 31 DÉCÈS
2389 1917 8 32 I

1808 1950 116 30 Amélie
1949 1954 136 31 OUlvier,
2118 1956 115 35 logeuse
2262 1967 35 20 en
2324 1961 93 33 garni,

1664 1984 176 31 célibataire.
1872 1987 32 28 71
1925 1996 63 24 ans,
2020 1998 50 19 rue
2098 1990 204 37 Saint-Malo;
2337 1995 81 28 Mme

1664 2027 90 20 veuve
1787 2021 142 33 Jéhanne,
1970 2026 51 26 née
2055 2026 364 33 Marie-Jeanne-Pauline

1664 2054 129 33 Dp.rrien,
1812 2056 34 27 90
1860 2066 61 25 an»,
1948 2060 67 34 quai
2046 2060 178 31 Lamennal»
2237 2073 7 20 ;
2274 2066 144 31 Aofroste-

1662 2089 96 28 Marie
1773 2092 130 28 Lelièvre
1926 2093 17 26 3
1958 2104 52 18 ans
2026 2099 27 25 et
2068 2096 18 26 4
2105 2099 83 30 moi»,
2219 2099 180 30 Hôtel-Dien
2411 2108 6 24 ;

1661 2125 70 27 J«an
1747 2126 94 27 Marie
1854 2127 79 28 Jule»
1951 2131 145 27 Levilain.
2113 2132 170 35 journalier,
2315 2137 100 31 marié,

1661 2160 33 25 7-2
1707 2169 52 19 ans
1774 2165 26 25 et
1815 2161 17 27 0
1850 2164 84 32 moi»,
1951 2166 80 32 plaça
2046 2165 236 32 Saint-Melaine
2296 2178 8 26 ;
2333 2171 84 28 Mme

1661 2194 118 33 Biteau,
1798 2199 52 25 née
1865 2198 176 30 Philomène
2059 2202 149 34 Lefeuvre,
2225 2204 34 28 25
2274 2215 65 25 an»,
2355 2206 40 27 Hô-

1659 2230 149 34 tel-Dieu;
1824 2232 334 37 Joseph-Marie-Pierre
2174 2239 111 30 Busnel
2333 2243 65 33 jour-

1659 2267 103 33 nalier,
1783 2269 100 31 marié,
1903 2269 34 27 70
1964 2278 64 26 an»,
2056 2281 50 19 rue
2134 2275 257 30 Armand-Barbè»
2405 2285 8 24 ;

1659 2301 211 30 Pierre-Marie
1885 2303 151 30 Boolanda
2062 2308 171 35 journalier,
2251 2313 102 31 marié,
2380 2311 32 28 51

1657 2342 53 21 ai»
1724 2339 28 27 et
1766 2337 17 27 5
1798 2339 85 32 moi»,
1903 2347 50 21 rue
1968 2341 195 30 Saint-Malo.

1739 2424 322 44 VITRAUX
2107 2428 220 46 D'ART

1696 2503 89 31 Nous
1800 2513 97 22 avons
1915 2516 37 21 ea
1968 2509 70 39 déjà
2055 2511 148 33 oooasion
2218 2513 38 31 de
2272 2515 138 38 signaler

1655 2542 45 31 les
1716 2548 234 35 remarquables
1964 2550 151 32 verrières
2132 2561 59 28 que
2207 2554 30 28 la
2251 2562 17 20 «
2285 2555 122 32 Société

1654 2583 164 38 ariinique
1832 2587 38 30 de
1884 2588 142 37 peinture
2041 2600 52 21 »ur
2119 2601 87 22 verre
2230 2602 26 27 »,
2274 2594 51 35 96,
2355 2603 54 25 rne

1655 2624 97 30 Noire
1772 2624 171 33 Dame-des
1962 2628 142 40 Champs
2128 2634 17 26 à
2161 2633 102 35 Paris,
2294 2643 19 20 a
2341 2636 48 37 pla-

1652 2666 67 27 cées
1734 2673 51 20 ces
1800 2667 141 31 derniers
1956 2673 100 34 temps
2085 2670 79 31 dans
2196 2673 157 38 plusieurs
2369 2675 38 31 de

1651 2711 56 21 nos
1722 2705 113 37 église»
1848 2706 176 38 bretonnes,
2050 2712 195 32 notammsnî
2272 2715 18 28 k
2309 2714 78 31 Plon-

1650 2745 96 26 nêour
1762 2744 89 30 Trez.

1688 2780 210 39 Aujourd'hui
1915 2793 78 24 nous
2009 2797 98 21 ivans
2124 2791 27 30 le
2176 2791 111 38 plaisir
2315 2793 72 38 d'ap-

1650 2823 83 33 peler
1756 2823 172 32 l'attention
1945 2826 53 30 de»
2014 2830 80 27 ami»
2112 2830 53 30 des
2198 2836 63 25 arts
2290 2841 53 21 sur
2359 2835 45 30 les

1651 2861 202 32 intéressants
1889 2865 124 30 vitranx
2061 2876 60 30 que
2157 2876 78 25 ceil*
2275 2872 123 30 maison

1648 2902 85 28 vient
1760 2902 175 32 d'exécuter
1951 2907 18 27 à
1987 2907 187 33 Ploudaniel
2209 2909 191 40 (Finisièri).

1648 2939 26 30 Il
1691 2941 66 30 leur
1773 2950 69 21 sera
1864 2944 144 35 agréable
2024 2947 195 39 d'apprécier
2246 2960 50 20 ces
2314 2960 64 21 com-

1646 2980 151 35 positions
1812 2982 53 37 qui
1891 2985 174 32 traduisent
2094 2991 233 35 éloquemmen*
2357 2993 44 28 les

1648 3019 185 39 prinoipaux
1850 3027 83 25 actes
1949 3025 38 30 de
2001 3026 32 28 la
2063 3026 48 31 vie
2143 3032 38 26 de
2210 3028 90 32 Saint
2317 3031 57 30 Gui-

1644 3058 73 31 nien
1731 3065 27 24 et
1778 3064 177 33 présentent
1971 3072 41 22 un
2043 3069 157 30 caractère
2230 3073 170 27 nettement

1644 3098 178 37 artistique.

1680 3198 253 44 AUTOUR
1980 3207 80 39 DE
2109 3209 246 43 RENNES

1702 3295 78 86 Un
1822 3307 242 77 meurtre
2111 3312 32 73 à
2196 3304 136 81 Bruz

1671 3416 31 27 A
1724 3417 52 26 li®
1801 3418 296 31 Lormwndlère.
2179 3424 177 27 Hanvali

1740 3454 178 30 ménage.
1989 3457 203 27 Première
2207 3463 60 25 (eu-

1776 3490 132 25 (ati*e.
1976 3493 51 25 l.e
2041 3494 138 26 drame

1819 3524 105 27 Tuée
1937 3526 92 27 d'au
2046 3535 102 24 coup
2165 3529 51 27 de

1963 3561 107 28 fusil.

1675 3605 51 31 Au
1739 3607 116 38 villagn
1878 3608 38 32 de
1941 3609 45 30 La
2002 3611 155 31 Riderait,
2176 3621 39 22 en
2232 3613 136 32 Lorman-

1635 3644 94 37 dière,
1749 3647 67 35 près
1837 3647 93 37 Bruz,
1946 3650 132 30 habitait
2093 3660 43 21 un
2148 3653 94 37 jeune
2259 3656 131 35 ménage

1635 3684 44 31 les
1691 3686 102 35 époux
1808 3687 138 35 Bidault,
1965 3691 216 35 cultivateur»,
2204 3694 117 30 mariés
2339 3694 35 30 de-

1633 3724 70 37 puis
1719 3724 39 30 18
1774 3735 78 21 mois
1869 3731 183 28 lentement.

1675 3763 25 32 Il
1719 3764 145 32 faisaient
1886 3769 100 28 valoir
2010 3777 60 22 une
2096 3770 93 37 petite
2215 3771 97 32 ferme
2331 3781 39 28 ap-

1633 3809 164 31 partenant
1813 3808 18 27 k
1856 3807 85 31 Mme
1954 3816 98 21 veuve
2075 3809 163 37 Lefeuvre,
2261 3811 113 31 demeu

1632 3848 69 25 raut
1717 3853 53 21 rue
1786 3846 38 30 de
1835 3846 157 31 Nemours
2006 3849 15 28 à
2036 3848 137 32 Rennes.
2189 3850 87 31 Celte
2293 3855 96 27 ferme

1631 3882 97 31 située
1742 3893 39 20 en
1798 3887 84 34 plein
1896 3887 116 38 village
2031 3894 170 32 compreud
2225 3900 60 20 une
2309 3894 57 27 mai-

1631 3931 56 22 son
1698 3925 206 32 d'habitation
1916 3935 87 26 avec,
2017 3928 112 31 devant
2140 3931 106 35 jardin
2258 3938 28 22 ei
2298 3940 87 21 cour,

1631 3971 60 21 une
1716 3965 103 28 écurie
1845 3970 30 26 et
1903 3967 81 28 deux
2009 3969 116 30 Niables
2170 3970 145 31 Derrière
2342 3972 45 30 les

1629 4002 116 31 étables
1761 4011 90 27 passe
1867 4005 28 27 la
1912 4006 69 28 voie
1996 4006 97 31 ferrée
2114 4007 61 32 Rei
2187 4018 53 20 nes
2261 4010 124 31 Redon.

1671 4042 43 30 La
1739 4044 91 35 Jeune
1865 4045 115 31 femme
2014 4045 172 39 Jeséphine
2215 4049 164 35 L?îeavre,

1630 4088 122 31 propre,
1768 4084 210 35 travailleuse,
2008 4091 96 32 ayant
2131 4089 103 30 même
2246 4097 44 21 un
2319 4098 50 21 cer-

1629 4122 64 28 tain
1709 4122 96 33 avoir,
1822 4126 198 34 appartenait
2035 4130 17 25 a
2068 4135 61 21 nne
2159 4129 60 27 Irès
2249 4129 116 30 honora-

1628 4157 47 31 ble
1690 4161 119 31 famille
1826 4163 37 30 de
1880 4162 81 31 Bruz
1978 4168 28 26 et
2022 4166 74 30 était
2107 4167 54 30 des
2178 4168 72 37 pins
2267 4176 97 22 recom-

1628 4201 181 31 mandâmes
1826 4211 71 21 sous
1919 4207 67 26 tons
2004 4211 154 32 'apports.
2192 4206 48 31 En
2272 4215 94 24 revan

1626 4239 67 33 che,
1711 4238 137 38 Bidault,
1867 4241 57 45 âgé
1939 4244 37 28 de
1990 4244 39 28 26
2044 4253 67 26 ans,
2128 4246 73 30 était
2217 4247 89 30 brute
2331 4248 48 30 s'il

1624 4285 39 22 en
1678 4279 46 28 fu»
1739 4285 30 25 et
1782 4280 131 38 joignait
1928 4284 19 27 k
1962 4291 77 21 cette
2056 4285 145 31 brutalité
2233 4289 26 30 le
2290 4286 86 32 trisie

1626 4318 67 28 vice
1710 4319 37 30 de
1762 4320 8 28 1
1785 4323 190 33 ivrognerie.

1853 4355 32 4 O-

1665 4358 69 28 Elle
1749 4367 92 30 passa
1856 4362 63 28 vite
1933 4370 39 20 au
1989 4370 89 24 roux,
2096 4364 30 27 la
2141 4364 74 32 lune
2239 4365 39 31 de
2293 4367 86 37 miel,

1624 4396 24 28 si
1667 4400 71 33 vile,
1756 4408 59 27 que
1832 4408 58 27 peu
1905 4403 91 34 après
2011 4410 27 19 te
2063 4406 150 34 mariage,
2232 4408 28 27 le
2290 4408 74 27 culti-

1624 4442 106 25 vateur
1743 4437 136 37 frappait
1894 4442 30 27 la
1941 4443 220 31 malheureuse
2187 4446 93 35 jeune
2296 4446 57 30 fem-

1624 4483 47 24 me
1684 4476 93 31 d'nne
1792 4478 92 35 façon
1902 4481 141 38 indigne.

1623 4519 25 32 $
1663 4515 131 31 Comme
1820 4520 44 27 les
1900 4520 162 32 brutalités
2099 4531 32 22 se
2158 4524 220 35 produisaient

1622 4556 137 37 toujours
1775 4559 105 34 quand
1896 4559 129 31 Bidault
2039 4561 76 30 ét?it
2130 4563 77 35 ivre,
2220 4564 89 31 Mme
2326 4565 39 28 Bi

1620 4594 87 30 dault
1722 4598 148 35 patienta.
1890 4598 180 35 D'ailleurs,
2096 4611 59 21 ane
2184 4603 58 28 fois
2268 4605 90 35 dé&'ri-

1620 4636 44 32 sé,
1681 4637 28 27 le
1727 4637 188 30 ouliivateur
1942 4641 84 27 avait
2056 4641 94 31 honte
2178 4643 38 28 de
2243 4651 34 20 sa
2300 4652 60 20 con-

1620 4675 84 30 duit*
1716 4680 28 25 et
1760 4676 181 31 demandait
1956 4680 122 34 pardon
2093 4683 17 26 k
2127 4690 33 20 sa
2187 4683 124 34 femme,
2328 4684 33 30 la-

1620 4715 111 35 quelle,
1756 4716 119 31 aimant
1889 4726 56 22 son
1958 4719 90 32 mari,
2068 4728 38 20 ne
2122 4721 182 31 demandait
2319 4730 59 28 pas

1620 4753 102 31 mieux
1739 4762 60 30 que
1813 4755 37 30 de
1867 4757 188 37 pardonner.
2073 4757 48 35 Et,
2135 4761 137 35 pendant
2284 4765 71 35 quei
2366 4776 8 6 -

1618 4800 74 31 ques
1708 4794 94 38 jours,
1832 4795 128 31 Bidault
1988 4800 243 37 recommençait
2259 4804 19 27 à
2306 4802 67 31 dire

1620 4834 59 28 bon
1704 4838 28 26 et
1759 4834 210 38 raisouoable,
1994 4839 103 30 tandis
2127 4847 61 30 que
2216 4850 34 20 sa
2276 4841 92 38 jeune

1619 4872 120 31 femme,
1756 4873 141 32 oubliant
1913 4885 46 20 ses
1976 4878 159 34 ohagrins,
2154 4885 169 25 retrouvait
2336 4891 33 19 sa

1617 4912 99 33 gaieté
1730 4918 27 26 ai
1775 4923 54 21 son
1845 4916 103 35 espoir
1972 4925 39 21 en
2034 4918 54 30 des
2112 4918 86 38 jours
2215 4919 152 31 heureux.

1620 4950 35 30 Et
1672 4954 79 32 puis,
1770 4952 168 32 l'ocoasion
1967 4957 37 28 de
2031 4957 84 30 boire
2143 4961 223 31 reparaissant,

2489 248 128 31 Bidault
2644 249 169 38 l'enivrait,
2845 256 128 28 rentrait
3000 256 76 30 chez
3107 257 45 30 lai
3183 259 52 31 foa

2486 287 143 35 d'alcool,
2642 291 30 28 et
2687 298 71 22 «oui
2774 294 27 28 la
2818 295 133 35 prétexte
2974 295 28 31 le
3030 296 70 38 plai
3128 298 104 38 faille,

2485 327 115 30 oasiait
2615 330 76 33 lent,
2707 328 137 41 frappait
2868 341 34 21 >a
2930 334 116 32 fammt
3070 340 44 33 et,
3142 338 30 30 la
3185 340 31 35 je-

2486 371 65 26 tant
2575 367 18 28 à
2621 366 31 30 la
2681 373 92 32 porte,
2805 372 169 39 l'obligeait
3004 377 17 27 X
3047 384 105 30 paner
3181 380 52 28 de*

2485 405 84 33 nniti
2584 405 130 33 entièrei
2727 409 73 31 hors
2816 412 32 30 la
2859 412 155 32 demeura.

2525 445 45 31 La
2587 446 149 37 première
2747 450 59 30 foii
2832 451 113 38 qu'elle
2970 454 85 31 avait
3076 457 47 28 été
3151 455 81 31 ainai

2485 484 76 40 jetéei
2574 484 72 31 hori
2661 485 38 32 de
2712 489 73 31 ohrz
2800 490 70 34 elle,
2887 490 86 33 Mme
3000 493 130 32 Bidaall
3159 495 74 30 était

2485 523 98 40 partie
2598 523 74 32 chez
2687 536 34 20 ta
2737 530 94 31 mère,
2846 530 105 38 jurant
2966 531 72 32 bien
3052 534 180 38 qaejamaia

2485 563 59 32 elle
2557 572 39 22 ne
2619 568 203 33 retournerait
2850 579 73 22 avac
2953 580 56 22 ion
3037 572 92 31 mari.
3158 572 71 38 Oai,

2485 604 79 31 maii
2577 604 60 31 elle
2661 605 150 43 l'ennuya
2841 609 97 31 délai
2963 615 30 27 et
3017 617 107 32 quatre
3146 613 85 37 joun

2485 644 89 30 aorèi
2589 644 100 31 revint
2705 646 90 33 d'elle
2811 650 100 31 même
2941 659 40 20 au
3007 652 80 35 logis
3111 651 39 30 où
3174 653 59 30 elle

2485 683 46 30 fut
2544 684 163 31 accueillie
2721 693 74 25 avec
2818 690 260 31 reoonnainance
3104 699 56 30 par
3176 692 38 30 Bi-

2485 720 85 31 dault
2583 723 54 37 qai
2650 724 69 35 jura
2733 735 61 24 une
2806 728 58 31 foii
2876 729 38 30 de
2941 729 70 37 plai
3026 729 76 38 qu'il
3131 739 39 24 ne
3184 741 31 24 re-

2485 764 240 31 commencerait
2739 765 113 38 jamaia
2867 770 81 34 plus.

2525 800 25 31 Il
2571 810 20 30 y
2615 810 19 21 a
2657 806 133 38 quelque
2823 810 116 34 temps,
2968 816 78 22 nous
3078 811 151 31 mentlon-

2484 840 107 32 D&mea
2611 841 78 32 dani
2714 844 19 31 Y
2739 844 222 31 Outit-Eclair
2988 856 43 22 an
3067 849 81 32 bruit
3176 852 53 37 qai

2484 888 79 22 noei
2585 883 84 30 avait
2689 885 47 30 été
2756 888 154 34 rapporté,
2926 887 17 28 Si
2965 888 104 31 lavoir
3093 899 60 28 que
3180 891 35 31 Bi-

2485 921 86 28 dault
2637 930 78 24 neui
2732 933 38 21 ne
2784 925 129 31 citâmes
2935 926 71 32 bien
3024 931 136 30 entendn
3176 940 35 20 au-

2485 969 59 20 cun
2565 967 84 28 nom,
2668 963 126 39 n'ayant
2818 973 39 27 pu
2884 967 152 32 contrôler
3063 971 28 28 le
3112 971 57 31 fait

2484 999 83 30 avait
2589 1005 109 33 essayé
2721 1004 38 30 de
2786 1004 76 38 jeter
2887 1012 34 22 la
2942 1005 115 33 femme
3085 1018 71 20 sous
3185 1019 44 22 un

2484 1038 91 31 train.
2591 1038 145 34 L'alï&ire
2750 1045 52 35 qui
2818 1045 84 28 avait
2913 1054 43 22 un
2967 1046 178 33 fondement
3162 1054 67 34 trop

2484 1077 60 32 réel
2558 1077 83 33 n'eut
2656 1090 56 28 pai
2726 1082 39 31 de
2780 1084 89 32 saile,
2887 1085 80 30 mais
2987 1088 64 28 cela
3072 1089 123 30 laissait
3210 1094 19 25 i

2485 1126 107 30 pemer
2609 1128 51 21 sur
2674 1122 30 30 le
2727 1126 63 27 lort
2812 1123 54 38 qui
2891 1126 150 32 attendait
3065 1128 87 33 Mme
3176 1129 35 32 Bi-

2480 1157 99 31 dault.

2764 1201 51 26 Le
2830 1201 138 27 drame

2520 1231 90 32 Jeadi
2628 1234 131 37 dernier,
2781 1237 131 38 Prospar
2936 1239 129 32 Bidaall
3081 1251 60 22 une
3170 1244 58 31 fois

2481 1270 38 31 de
2536 1273 79 35 pins,
2631 1279 103 26 rentra
2750 1276 65 32 ivre
2829 1281 28 26 et
2872 1286 122 24 comme
3026 1281 137 37 toujours
3194 1293 31 21 se

2483 1312 56 28 mil
2552 1312 18 28 à
2585 1312 104 33 hurler
2705 1315 53 31 dei
2773 1316 118 38 injures
2906 1319 239 38 grossièrement
3159 1324 18 27 à
3194 1332 33 21 sa

2483 1351 217 34 malheureuse
2714 1355 115 32 femme
2843 1361 28 27 el
2885 1358 18 30 i
2931 1368 113 30 cogner
3059 1370 53 21 aor
3137 1363 59 31 elie
3211 1364 15 28 k

2483 1397 67 24 •our
2584 1393 38 31 de
2652 1394 80 30 bras.
2772 1396 76 30 Puis
2883 1402 137 33 peudani
3041 1409 61 21 une
3130 1402 77 30 demi-

2481 1429 105 38 heure,
2603 1433 21 28 il
2642 1442 32 21 se
2688 1434 34 30 fit
2740 1443 44 21 un
2800 1436 115 31 sience
2941 1437 102 31 relatif
3079 1448 15 20 «
3120 1439 104 39 Eaflu,

2480 1470 194 38 soupirèrent
2688 1475 45 28 Ici
2748 1475 128 35 voiiim,
2895 1486 40 22 on
2950 1487 39 21 va
3007 1480 129 35 pouvoir
3159 1482 50 30 dor-

2480 1511 97 30 mir...
2596 1519 15 20 »
2628 1513 79 30 Tout
2722 1514 17 28 à
2754 1522 80 31 coup
2850 1524 60 24 une
2926 1517 178 33 détonation
3126 1524 84 30 reten-

2479 1548 35 31 tit
2531 1550 78 31 dans
2623 1553 32 28 la
2676 1553 67 30 nuit
2757 1560 28 25 el
2800 1556 63 30 l'on
2889 1557 139 31 entendit
3057 1558 87 33 Mme
3174 1560 34 30 Bi-

2479 1589 87 31 dault
2583 1599 128 30 pousser
2726 1593 53 31 des
2799 1594 61 30 oris
2876 1594 189 33 déohiranls.

2500 1668 7 11 i
2518 1628 59 33 Les
2593 1631 117 32 voitini
2726 1642 32 21 se
2772 1633 146 38 levèrent,
2935 1638 89 27 émus
3038 1638 18 30 à
3072 1638 30 30 la
3115 1641 112 35 pensée

2479 1668 73 31 d'un
2567 1677 145 30 meurtre,
2728 1674 81 30 mais
2829 1676 203 31 connainanl
3056 1677 130 32 Bidault
3198 1684 28 26 et

2479 1709 26 30 le
2518 1710 130 31 laokanl
2663 1711 135 37 homme,
2818 1715 105 35 quand
2939 1716 22 28 il
2976 1716 74 31 était
3065 1719 74 34 ivre,
3157 1720 18 28 à
3189 1728 38 21 ne

2479 1749 117 30 reouler
2610 1749 115 32 devant
2739 1753 78 35 rien,
2841 1762 154 28 perionne
3012 1755 86 32 n'oia
3111 1762 112 27 entrer.

2518 1787 139 34 Environ
2681 1800 43 21 un
2739 1798 90 31 quarl
2844 1793 129 32 d'heure
2986 1796 100 38 aprèi,
3100 1799 44 28 lei
3162 1799 46 28 voi-

2477 1827 65 31 sini
2567 1837 61 24 aux
2655 1834 118 32 aguets,
2791 1832 99 31 virent
2916 1834 130 32 Bidault
3069 1838 90 28 sortir
3189 1839 37 30 de

2477 1866 73 32 ohez
2567 1870 43 28 lui
2627 1878 74 21 avec
2719 1879 60 22 une
2796 1872 139 33 lanterne
2948 1879 27 26 et
2988 1879 109 27 atteler
3111 1885 34 21 sa
3161 1878 47 30 voi-

2477 1910 74 33 lure,
2570 1909 70 38 puis
2655 1909 150 33 l'amener
2820 1912 113 32 devant
2949 1923 34 20 sa
2999 1919 94 32 porte.

2515 1946 48 31 On
2600 1948 150 39 l'aperçut
2784 1951 120 32 ensuite
2940 1958 116 27 rentrer
3085 1956 78 31 dans
3193 1958 31 31 Ir.

2476 1987 120 31 maison
2624 1994 30 25 el
2682 1997 38 22 en
2745 1991 142 30 ressortir
2911 1997 124 32 portant
3063 1995 80 31 dans
3171 2004 47 24 ses

2474 2024 70 31 bras
2559 2036 61 22 une
2633 2029 98 31 forme
2746 2030 150 32 indécise.
2914 2031 111 32 C'était
3041 2042 33 21 sa
3105 2036 116 32 femme

2473 2067 52 35 qui
2544 2069 138 34 poussait
2695 2069 52 30 des
2761 2072 237 35 gémissements
3012 2075 150 35 plaintifs.

2575 2107 67 33 Que
2655 2108 109 31 s'est-il
2779 2112 80 28 donc
2870 2114 91 34 passé
2975 2114 155 31 demande
3141 2115 81 31 alors

2472 2153 57 22 son
2555 2147 110 31 voisin,
2694 2148 74 30 chez
2794 2151 53 35 qui
2875 2151 158 32 l'émotion
3061 2153 161 39 l'emporta

2472 2192 52 22 sur
2539 2186 31 28 la
2590 2187 168 37 prudence.

2564 2225 25 30 Il
2609 2235 20 30 y
2644 2236 18 19 a
2679 2236 60 28 que
2753 2228 53 37 j'ai
2824 2229 100 31 blessé
2947 2239 52 21 ma
3013 2232 116 32 femme
3144 2235 78 30 d'un

2471 2271 79 31 coup
2565 2265 37 31 de
2616 2265 52 32 feu
2685 2268 78 30 dans
2785 2270 28 28 le
2836 2276 106 25 ventre
2965 2277 30 25 el
3014 2281 72 22 sans
3104 2275 28 28 le
3146 2283 56 20 vou-

2472 2303 69 31 loir.

2562 2343 80 32 Sans
2659 2346 28 30 le
2701 2346 149 31 vouloir?

2480 2421 6 11 _
2559 2382 26 32 Il
2608 2386 73 28 était
2699 2386 79 30 dans
2798 2388 44 30 les
2867 2388 74 31 neuf
2968 2388 111 33 heures
3110 2393 107 37 quand

2465 2421 53 39 j'ai
2532 2432 41 21 vu
2589 2433 41 20 un
2647 2426 94 30 lièvre
2751 2427 78 30 dans
2844 2435 72 22 mon
2924 2428 115 38 jardin.
3056 2430 59 31 J'ai
3129 2434 92 28 voulu

2466 2469 28 24 le
2511 2466 76 32 tuer,
2606 2465 80 28 maii
2704 2473 51 21 ma
2769 2466 115 31 femme
2907 2476 17 21 a
2944 2469 96 31 voulu
3057 2471 80 31 m'en
3154 2479 45 22 em-

2465 2500 112 39 pêcher
2590 2506 30 27 el
2634 2512 38 22 en
2687 2512 48 24 ma
2754 2505 188 33 bousculant
2956 2517 18 21 a
2989 2509 57 31 fait
3074 2511 97 37 partir
3189 2512 30 31 le

2466 2550 91 30 coup.

2509 2581 41 31 Le
2562 2582 103 31 voisin
2678 2584 60 38 prit
2751 2584 210 39 l'explication
2973 2597 77 30 pour
3060 2597 34 22 ce
3107 2590 111 38 qu'elle

2465 2622 98 30 valait
2578 2628 28 25 et
2622 2623 144 31 n'iusiila
2783 2634 67 28 pas.

2504 2662 128 31 Bidaall
2648 2663 92 38 partit
2752 2666 83 30 alors
2849 2675 77 28 poar
2939 2668 138 37 Rsnnes,
3090 2678 102 31 empor-

2463 2707 66 38 tant
2543 2711 33 20 sa
2593 2701 138 33 vioiime.

2733 2756 31 27 i
2785 2757 163 28 Renne»

2509 2789 77 32 Van
2601 2791 128 35 minuit,
2752 2794 21 27 il
2798 2796 129 30 arrivait
2950 2797 18 28 à
2998 2797 217 32 l'Hôtel-Dieu

2460 2833 28 26 et
2507 2830 83 31 tirait
2608 2831 37 30 de
2656 2833 30 27 la
2702 2832 130 35 voiture,
2855 2843 74 21 aveo
2956 2836 93 30 l'aidn
3074 2838 41 28 da
3143 2848 58 21 oon

2464 2869 110 37 cierge,
2598 2870 31 30 la
2656 2872 219 32 malheureuie
2908 2875 92 37 jeune
3032 2876 115 32 femme
3162 2880 53 35 qui

2461 2908 90 31 criait
2567 2909 38 30 de
2621 2914 97 27 toutes
2734 2920 47 22 ses
2798 2913 99 31 forces
2914 2920 30 25 et
2969 2915 106 31 faisait
3092 2919 90 34 peine
3198 2919 17 28 à

2459 2950 67 27 voir
2556 2947 50 32 On
2631 2953 201 35 transportait
2870 2954 132 30 aussitôt
3037 2956 30 28 la
3097 2957 117 31 blettée

2458 2988 79 28 dans
2554 2998 60 21 une
2629 2991 53 28 des
2699 2993 92 28 salles
2807 2993 39 30 de
2862 2993 228 32 l'HAtel-Dieu.

2498 3027 45 28 M.
2562 3030 27 28 le
2604 3028 126 31 docteur
2751 3030 157 37 Monoier,
2926 3038 145 32 prévenu,
3086 3037 122 31 survint

2458 3067 131 28 aussitôt
2602 3076 30 21 et
2648 3072 132 33 procéda
2796 3073 18 27 &
2828 3071 155 31 l'examen
3012 3074 38 30 de
3076 3076 30 27 la
3135 3076 64 28 bles

2458 3107 59 28 sée.
2536 3107 46 28 La
2597 3110 220 30 malheureuse
2831 3116 85 25 avait
2944 3115 28 26 le
2988 3119 105 24 ventre
3109 3115 66 30 orib
3190 3117 17 28 é

2457 3145 37 30 de
2509 3148 106 35 grains
2633 3148 37 31 de
2687 3150 105 37 plomb
2804 3151 110 28 elétait
2927 3154 126 35 psrdua.
3069 3154 117 32 L'hono-

2456 3185 86 30 rable
2556 3185 137 38 docteur,
2709 3196 39 22 en
2764 3191 44 28 lui
2824 3190 142 31 donnant
2993 3194 45 28 les
3057 3194 85 30 soins
3158 3195 43 30 les

2456 3227 171 33 meilleurs,
2644 3228 133 30 chercha
2796 3231 18 26 &
2828 3231 145 30 étancher
2999 3233 30 30 le
3058 3241 78 30 sang
3150 3234 53 37 qui

2456 3265 117 31 coulait
2588 3274 38 21 an
2641 3267 194 37 abondance,
2852 3270 80 28 mail
2960 3280 123 21 comme
3107 3273 22 31 il
3146 3276 45 27 l'a-

2453 3304 65 31 vait
2536 3307 105 35 prévu,
2661 3306 87 31 Mme
2765 3308 141 35 Bidault,
2921 3318 67 22 vers
3005 3312 115 31 minuit
3136 3314 73 28 trois

2454 3350 117 31 quarts,
2590 3348 122 27 rendait
2727 3350 28 26 le
2771 3350 124 30 dernier
2910 3351 118 38 soupir.

2494 3383 41 31 Sa
2551 3384 116 32 femme
2682 3390 107 32 morte,
2810 3387 128 32 Bidault
2967 3390 87 31 sortit
3081 3394 28 27 et
3139 3400 69 22 erra

2452 3422 78 31 dan>
2549 3422 138 33 Rennes.

2490 3462 51 30 Au
2557 3465 110 34 matin,
2686 3465 21 28 il
2725 3474 32 19 se
2773 3468 167 32 présentait
2966 3468 113 32 devant
3104 3470 48 33 M.,
3171 3471 27 30 le

2452 3510 168 28 procureur
2635 3504 38 30 de
2688 3506 31 28 la
2737 3506 202 38 République
2961 3513 30 26 et
3019 3509 44 30 lui
3084 3513 116 27 contait

2451 3541 20 30 1'
2487 3550 14 19 «
2520 3543 141 30 accident
2679 3552 14 19 »
2706 3548 53 33 qui
2777 3548 73 27 était
2867 3547 113 31 arrivé.

2493 3581 81 28 Maii«
2591 3582 45 28 M.
2655 3585 28 28 le
2699 3593 169 27 procureur
2883 3587 38 30 de
2944 3588 31 28 la
3005 3587 201 39 République

2450 3620 81 30 n'eût
2549 3630 54 26 pas
2620 3631 104 21 connu
2739 3628 31 22 la.
2794 3624 145 32 brutalité
2954 3631 28 25 et
2999 3627 203 31 l'alcoolisme

2450 3659 38 30 de
2504 3660 139 34 Bidault,
2662 3670 59 28 que
2745 3669 78 25 cette
2838 3664 276 33 invraisemblable
3141 3667 48 30 his-

2451 3698 78 31 toire
2552 3699 34 28 d»
2606 3700 110 30 chfxise
2745 3711 39 19 au
2815 3702 94 31 lièvn
2936 3706 15 26 4
2969 3704 19 30 9
3017 3706 110 30 heures
3156 3707 43 28 du

2448 3739 72 33 soif,
2535 3739 50 28 fûi
2601 3749 26 19 si
2639 3741 32 27 ffl
2688 3742 18 27 à
2721 3741 141 31 l'édifier.
2883 3742 26 30 Il
2922 3742 35 32 fli
2982 3748 129 27 aussitôt
3128 3751 61 26 met

2450 3782 43 25 Ira
2509 3782 30 25 la
2554 3781 86 28 main
2655 3790 39 18 au
2711 3783 92 28 collei
2817 3784 38 27 de
2871 3783 161 32 l'assassin
3051 3787 51 34 qui
3126 3789 74 28 était

2446 3819 110 30 éeroué
2572 3819 18 30 i
2606 3821 28 26 la
2652 3819 104 39 prison
2770 3829 60 22 une
2844 3821 200 33 demi-heure
3058 3826 102 35 après.

2490 3857 86 30 Nous
2594 3857 105 31 disons
2717 3868 15 19 «
2750 3863 138 27 asiatsiu
2906 3869 15 20 »
2937 3870 52 21 car
3002 3865 159 31 i'assestin
3175 3870 22 24 «t

2445 3898 78 30 n'est
2543 3906 53 28 pas
2609 3899 136 31 douteux
2761 3909 76 27 pour
2854 3901 28 28 la
2898 3911 76 28 p»ys
2991 3904 37 30 de
3044 3904 92 31 Bruz.
3175 3907 21 27 L

2445 3943 45 22 est
2505 3937 149 38 probable
2669 3947 60 28 que
2756 3941 43 27 les
2815 3943 172 28 nombreux
3017 3950 28 24 et
3074 3945 124 30 habiles

2445 3977 249 37 interrogatoires
2711 3981 151 35 auxquels
2880 3981 20 26 il
2914 3989 39 21 va
2980 3983 64 30 être
3073 3984 123 31 soumis

2445 4015 203 33 l'amèneront
2665 4020 17 27 k
2695 4018 78 30 faire
2794 4019 54 30 des
2862 4028 100 22 aveux
2979 4024 163 30 complets.

2445 4054 41 31 H.
2505 4055 46 31 G.

2563 4131 89 28 Un
2683 4134 183 30 enfant
2888 4135 183 30 écrasé

2483 4208 78 31 Hier
2584 4212 184 35 aprèj-midi
2794 4222 43 21 UD
2862 4214 132 31 boucher
3021 4215 38 31 de
3085 4215 105 37 Liffré,

2444 4247 45 31 M.
2518 4250 132 38 Proipjr
2673 4251 138 31 Vannier
2836 4253 84 30 avait
2943 4256 92 30 attelé
3059 4265 77 27 pour
3162 4265 31 24 ie

2440 4290 111 28 rendre
2565 4298 39 20 an
2630 4291 125 30 marché
2780 4292 38 30 de
2838 4292 138 37 Rennes,
2995 4296 125 37 lorsque
3137 4305 54 22 son

2439 4328 110 31 cheval
2564 4330 93 35 partit
2673 4338 40 21 an
2722 4331 100 38 grand
2837 4336 58 26 irol
2909 4335 120 37 malgré
3046 4336 45 28 M.
3110 4336 67 31 Van

2440 4368 66 30 nier
2519 4369 64 33 oui,
2602 4372 105 27 monté
2720 4371 78 30 dani
2811 4372 31 28 la
2855 4372 128 37 voilare,
3001 4375 104 31 faisait
3124 4382 66 25 toni

2439 4415 47 21 se»
2503 4408 104 28 «Sorti
2626 4417 77 25 pour
2718 4410 28 30 le
2761 4411 123 30 retenir.

2477 4446 50 31 On
2543 4447 57 30 sait
2615 4447 72 39 qu'à
2708 4448 31 31 la
2764 4450 92 30 «ortie
2881 4450 41 30 da
2949 4452 110 39 bourg,
3086 4463 53 21 «ur
3158 4456 28 30 la

2438 4493 86 24 route
2537 4486 38 32 de
2590 4486 137 37 Rennes,
2744 4496 32 22 se
2799 4493 107 27 trouve
2933 4500 41 21 un
2999 4493 107 31 détour
3128 4496 61 30 très

2438 4526 188 37 dangereux,
2642 4532 28 25 et
2694 4527 28 31 le
2746 4528 143 31 malheur
2915 4532 109 30 voulut
3047 4541 60 28 que
3131 4537 56 27 des

2437 4565 122 31 enfants
2583 4565 119 32 ftmenl
2725 4571 17 26 à
2765 4570 87 35 jauer
2883 4571 203 37 préci«ément
3111 4576 17 26 &
3154 4584 34 21 cj

2438 4604 119 31 détour.

2476 4643 48 32 En
2539 4649 116 33 voyant
2669 4646 117 31 arriver
2806 4648 31 30 la
2852 4649 132 35 voiture,
3001 4651 47 30 le*
3063 4652 122 30 enfants

2435 4691 31 21 se
2483 4685 174 34 rangèrent,
2675 4688 71 28 sauf
2769 4696 61 21 une
2854 4688 107 32 fillette
2986 4690 37 30 da
3047 4690 18 30 3
3086 4702 58 19 aus
3157 4698 28 24 et

2434 4722 93 34 demi,
2544 4722 65 32 fille
2634 4724 38 31 de
2696 4726 44 28 M.
2760 4727 149 38 Métayer,
2929 4729 171 35 maréchal,
3118 4731 65 38 qui,

2434 4763 84 35 priie
2543 4763 37 30 de
2606 4773 86 27 peur,
2719 4773 79 22 resta
2820 4775 52 21 sur
2896 4768 27 30 le
2953 4768 106 31 milieu
3086 4770 38 30 de
3154 4774 30 26 la

2433 4804 149 30 ohaussée
2594 4809 28 24 et
2635 4804 46 30 fat
2699 4808 158 30 renversée
2883 4815 53 30 par
2966 4818 59 21 une
3038 4818 73 22 roue
3126 4812 52 37 qui

2433 4841 41 30 lui
2493 4850 91 26 passa
2597 4852 52 20 sur
2666 4845 28 30 le
2708 4852 99 31 nerps.

2472 4880 132 32 Relevée
2621 4886 28 26 et
2674 4886 191 35 transportée
2887 4894 38 22 en
2950 4886 70 31 bile
3046 4889 73 30 ohez
3133 4897 47 22 ses

2433 4925 132 32 parents,
2591 4922 31 34 Ja
2648 4931 117 28 pauvre
2787 4924 107 32 fillette
2916 4931 84 30 reçut
3025 4928 44 30 les
3091 4930 73 28 meil-

2433 4963 79 26 leurs
2528 4961 84 28 soins
2628 4962 39 30 de
2683 4962 46 30 M.
2754 4964 26 28 le
2796 4963 125 31 docteur
2937 4965 144 32 Harberl,
3100 4969 78 28 mais

3294 268 64 24 loat
3370 263 47 30 fui
3431 265 111 31 inutile
3555 274 28 21 et
3600 275 59 22 une
3673 268 93 32 heure
3788 280 27 20 ei
3830 274 103 30 demis
3946 278 90 33 après

3289 301 60 31 elle
3365 304 120 31 rendait
3502 307 27 28 le
3544 306 122 32 dernier
3683 311 116 37 soupir.
3816 311 60 32 Lsi
3895 315 126 31 malheu

3293 347 73 25 reui
3383 347 123 32 parents
3522 350 67 26 tonl
3606 347 242 33 inconsolables.

3332 379 24 31 Il
3371 381 52 38 n'y
3437 392 19 20 a
3470 391 208 26 aucunement
3692 387 84 32 faute
3798 390 39 31 de
3861 391 31 30 la
3913 398 66 32 pari
3994 394 39 30 de

3291 422 45 27 M.
3358 420 138 33 Vannier
3520 423 54 38 qui
3598 425 107 33 faisait
3728 428 206 39 l'impossible
3959 442 78 28 pou*

3289 462 112 28 retenir
3416 471 56 21 son
3485 463 109 31 cheval
3609 468 28 27 et
3653 468 125 31 marche
3791 469 242 35 ordinairement

3289 497 18 30 à
3322 507 60 24 une
3394 502 99 32 allure
3509 503 59 30 trii
3585 504 152 33 modérée.

3294 604 293 116 Chronique
3598 612 436 111 départementale

3330 788 45 15 iw
3380 790 25 13 n
3410 752 146 51 r,.,m^
3560 758 13 25 t
3574 763 34 21 *'
3609 758 111 30 A,UIB
3735 769 72 21 sur
3822 762 59 30 Vil
3919 764 39 30 ,n
3960 775 32 22 e.

3328 788 227 35 INCENDIE.
3626 796 175 35 Dimanohe
3814 803 133 38 dernier,
3965 816 66 21 veri

3287 836 17 19 o
3333 830 110 32 heures
3470 834 39 30 de
3536 834 113 34 l'apris
3666 840 86 37 midi,
3781 842 86 32 Mme
3894 843 126 34 Jan>ier

3287 868 195 33 cultivatrice
3508 881 40 21 au
3579 875 104 33 Porlru
3700 879 105 38 Huon,
3835 893 39 21 en
3912 883 106 33 Sainte

3287 908 91 32 Anne
3396 919 64 21 sur-
3465 911 136 39 Vilaine,
3634 925 33 22 le
3698 921 146 31 treuvant
3886 924 79 30 dana
3994 935 13 19 a
4016 934 15 21 a

3288 954 131 32 maisan,
3437 951 45 30 fut
3497 956 116 30 avertie
3630 964 56 28 par
3702 966 56 22 son
3774 961 112 35 voisin,
3907 964 45 28 M.
3973 965 45 32 De

3287 989 126 38 launay,
3431 999 59 28 que
3519 992 28 31 le
3574 994 51 31 feu
3648 997 73 28 était
3737 998 78 32 dam
3834 1002 84 31 l'une
3933 1005 37 28 de
3985 1013 47 22 aei

3286 1026 117 32 meules
3431 1031 39 30 d«
3497 1032 104 37 paille.
3632 1032 151 40 Aussitôt,
3815 1045 128 32 sortant,
3973 1045 58 30 elle

3287 1068 103 28 donna
3404 1069 9 28 1
3426 1070 129 32 alarme.
3575 1071 44 32 Le
3637 1075 50 30 feu
3702 1077 116 31 faisant
3844 1080 38 31 de
3907 1084 124 34 rapides

3287 1108 135 33 progrès,
3439 1109 78 30 deux
3530 1117 103 25 autres
3650 1116 117 31 meulii
3782 1116 102 33 furent
3913 1121 117 32 bientôt

3286 1147 162 34 allumées,
3465 1150 83 31 lune
3572 1153 107 31 d'elles
3705 1162 206 31 appartenant
3932 1162 18 27 à
3979 1162 47 30 M.

3287 1182 176 41 Dslaunay.
3494 1188 43 31 Ce
3562 1191 45 31 fat
3635 1201 38 22 en
3699 1195 74 31 vain
3802 1198 93 37 qu'on
3920 1209 111 30 essaya

3286 1224 19 28 d
3318 1225 137 30 éteindre
3470 1227 27 30 le
3511 1228 60 33 fea,
3589 1231 28 30 le
3630 1240 136 32 manque
3781 1234 89 32 d'eau
3895 1240 130 31 randini

3287 1266 65 26 tout
3366 1265 90 30 effort
3469 1266 198 39 impuissant.

3327 1302 59 31 Lei
3403 1312 106 26 causes
3540 1309 37 31 de
3605 1316 45 26 oet
3676 1312 143 34 incendie
3834 1322 69 26 sont
3925 1318 91 33 iccon

3285 1350 89 27 nues,
3392 1345 78 30 maii
3485 1356 39 21 on
3542 1351 91 28 serait
3650 1356 80 27 tenté
3757 1355 38 30 da
3823 1357 172 32 l'atlrba«r
4011 1364 17 26 k

3287 1384 26 26 la
3332 1384 228 34 malveillance.
3574 1388 97 32 Aussi
3686 1402 61 21 une
3769 1397 131 33 enquête
3913 1404 46 25 est
3973 1409 38 20 ou-

3286 1426 91 26 verte.

3324 1461 58 30 Les
3394 1468 98 32 perle*
3509 1472 67 25 sont
3589 1468 38 31 de
3639 1469 59 32 400
3713 1472 37 30 fr.
3764 1481 78 27 pour
3861 1475 83 32 Mme
3957 1478 54 31 Jan-

3283 1508 65 22 vier
3363 1506 28 26 el
3405 1502 39 32 de
3454 1504 59 31 200
3526 1506 37 30 fr.
3581 1517 78 28 pour
3674 1511 45 30 M.
3739 1513 172 38 Dslaunay.
3932 1517 98 32 L'ane

3282 1546 30 22 et
3325 1541 8 28 i
3346 1546 86 27 autre
3449 1553 66 20 sont
3529 1552 139 27 assurées
3689 1552 18 27 à
3724 1551 28 30 la
3770 1552 194 38 Compagnie
3985 1558 45 28 Le

3283 1580 130 32 Monat.

3843 1631 129 32 Redon

3324 1658 92 32 LNE
3441 1661 159 35 SOiRKE
3614 1665 59 33 AU
3691 1670 220 33 THEATRE.
3979 1677 47 30 On

3282 1707 77 22 nous
3374 1701 76 31 écrit
3465 1710 9 24 :

3314 1749 84 30 Jeudi
3415 1754 58 27 soir
3487 1755 74 30 salle
3588 1761 111 27 comble
3729 1770 37 20 au
3795 1766 112 30 Ihéàtre
3935 1768 90 28 Salle.

3281 1786 76 27 Sans
3372 1795 93 20 aucun
3483 1791 91 31 douta,
3593 1794 177 32 l'exeellenie
3801 1804 163 33 réputation
3981 1805 46 25 des

3281 1821 113 28 artistes
3418 1826 78 27 avait
3524 1828 149 30 contribné
3687 1833 18 27 i
3718 1834 54 27 »ul
3777 1844 43 19 fer
3848 1839 117 27 nombre
3993 1840 34 26 de

3281 1860 174 31 apealateurs
3470 1863 113 27 série»
3596 1871 6 24 ;
3622 1866 73 27 mat.
3724 1871 77 26 „ssl
3816 1873 27 27 la
3860 1873 78 34 pUoe
3952 1873 60 28 inli-

3281 1894 11 24 '
3423 1893 21 30 L
3490 1894 110 31 M««ra
3627 1899 37 28 de
3704 1903 105 35 Forces
3849 1912 177 30 promettant

3337 1926 15 58 l
3354 1935 15 21 0
3461 1931 146 30 Motion,
3620 1932 6 30 !
3700 1938 76 33 Bref,
3815 1943 66 27 e'esl
3920 1945 106 27 devant

3280 2004 15 20 a
3309 1997 103 30 débuté
3493 1975 87 28 ,ymp
3581 1977 17 20 »
3600 1971 53 26 ,b,(
3653 1978 9 27 ï
3669 1980 17 19 a
3689 1971 4 56 '
3692 1982 8 18 î
3794 1976 80 28 Mme
3889 1977 137 31 Sabatier

3313 2033 78 28 Tour
3405 2036 17 26 à
3436 2037 73 25 tour.
3527 2037 96 31 Mmas
3637 2041 91 35 SaMc,
3744 2043 113 32 Priédel
3881 2049 28 27 al
3925 2049 100 30 Dal/aa

3281 2101 22 20 p
3299 2075 8 18 l
3307 2073 22 40 î®
3345 2076 13 18 1
3359 2076 14 19 °
3377 2078 18 18 a
3409 2080 14 17 ®
3425 2074 33 22 Té
3483 2073 45 48 /•*
3556 2081 65 35 P'V
3650 2079 30 25 Ti
3684 2079 24 26 '"
3732 2082 151 32 applaudis
3892 2091 120 21 .«ment*

3282 2107 103 24 Léiai»
3402 2107 65 26 biea
3482 2108 9 26 1
3502 2112 190 30 orgueilleuse
3706 2119 26 21 el
3748 2115 200 35 indoaiptabla
3965 2121 46 26 ien-

3280 2146 35 19 ea
3327 2140 60 26 fille
3402 2147 56 27 que
3469 2147 188 30 représentai»
3672 2147 81 30 Mme
3767 2150 81 30 Salie
3862 2160 8 24 ;
3887 2159 27 22 el
3941 2163 32 20 ta
3991 2157 24 26 ri-

3279 2176 73 26 vale,
3367 2174 155 35 Aibénaïs,
3539 2186 35 19 ne
3589 2180 43 28 loi
3646 2184 93 28 cédait
3768 2194 33 18 en
3831 2187 60 28 rien
3918 2190 91 28 d'arro

3278 2216 87 26 ganoe
3380 2211 72 26 dans
3469 2212 25 26 1«
3508 2213 27 33 j«
3539 2223 17 19 Q
3570 2217 33 26 de
3619 2217 80 28 Mme
3713 2219 122 30 Friédel.

3281 2277 56 19 un
3371 2252 19 44 î
3412 2281 19 15 h
3463 2255 96 41 l'ï."
3561 2258 17 19 0
3581 2255 12 41 !
3606 2251 33 27 de
3653 2254 28 27 '*
3710 2263 17 26 ®
3731 2258 59 26 ràse
3806 2258 171 28 «barmante
3992 2261 33 26 da

3278 2277 77 57 rfînf
3379 2322 14 12 «
3444 2281 35 53 A?
3495 2283 22 51 S
3528 2293 14 18 *
3552 2319 19 15 o
3582 2285 91 30 lnal11
3706 2297 7 19 :
3730 2291 54 27 8118
3798 2300 17 20 ■
3829 2296 44 24 é,é

3278 2316 71 24 dans
3364 2323 51 19 sou
3431 2316 57 27 rôle
3502 2319 33 26 de
3550 2319 146 32 Sazaona.

3313 2349 139 35 Philippe
3467 2353 128 37 Dsrblay
3608 2361 41 24 ait
3665 2366 40 20 ua
3719 2362 58 26 rôle
3791 2362 97 34 ingrat
3914 2366 54 27 fait
3981 2367 34 26 da

3278 2386 118 26 fermeté
3410 2389 27 25 et
3450 2388 34 26 de
3498 2396 118 27 sagesse.
3634 2392 74 30 C'est
3724 2402 39 20 un
3782 2399 73 26 mari
3883 2401 50 32 qui
3960 2401 61 27 doit

3276 2421 152 32 conquérir
3443 2422 9 26 1
3463 2431 103 21 amour
3580 2427 33 26 de
3627 2437 51 18 son
3702 2432 102 32 époase
3816 2440 8 20 :
3842 2434 32 26 M
3900 2434 118 32 Friédel

3298 2460 15 20 »
3328 2456 204 32 parfaitement
3548 2464 136 33 compris.
3698 2464 67 28 Non
3796 2467 94 27 moias
3920 2470 97 33 ingrat

3275 2494 43 21 esi
3333 2491 74 27 oelui
3423 2492 34 26 de
3470 2492 156 38 Moulinet,
3652 2505 31 20 oe
3710 2502 105 33 pédant
3841 2505 124 33 original
3997 2509 26 24 et

3275 2558 33 13 w
3312 2532 14 19 Q
3392 2549 46 18 ■'
3502 2531 46 26 mé
3561 2539 17 19 *
3581 2539 17 19 v
3600 2541 30 19 «°
3645 2541 38 20 nn
3686 2543 14 19 «
3725 2544 60 20 rari
3815 2538 126 30 habileté
3972 2549 51 22 par

3276 2561 41 25 M.
3335 2561 90 28 Salie.
3972 2561 18 15 r

3477 2608 17 18 n
3498 2608 13 19 *
3527 2601 33 27 de
3573 2602 113 37 Blégay
3700 2606 72 28 dans
3788 2609 28 27 la
3831 2617 139 26 personne
3987 2611 33 27 de

3278 2636 40 21 M.
3333 2636 102 24 tJreon.
3454 2642 56 20 une
3526 2636 99 30 vieille
3634 2642 206 30 conoaissancii
3850 2654 70 22 pour
3937 2655 72 20 nous

3275 2668 63 24 tous
3354 2675 50 19 nos
3419 2672 216 31 compliments.

3308 2701 80 28 NOBS
3404 2707 151 27 attendons
3569 2711 26 25 le
3611 2713 139 30 speotaole
3764 2714 33 26 de
3811 2717 109 27 samedi
3939 2725 7 19 :
3963 2717 56 28 Les

3275 2740 89 26 Doux
3379 2740 182 37 Orphelines,
3587 2752 67 20 avec
3683 2754 56 19 use
3767 2750 130 34 légitime
3924 2752 79 33 impa-

3274 2774 92 25 tience
3380 2777 27 24 et
3424 2783 69 20 nous
3509 2785 34 19 ne
3568 2780 130 27 saurions
3728 2786 61 31 trop
3815 2792 119 26 anrugar
3965 2797 51 18 nos

3274 2811 119 24 looseurs
3409 2812 15 25 à
3449 2811 70 27 uller
3533 2816 136 27 entendre
3697 2825 30 20 ce
3754 2820 206 30 chsf-d'œovrd

3273 2842 86 28 AUDI.

3276 2903 128 67 Vote
3435 2908 94 65 des
3556 2913 219 80 députés
3807 2919 213 66 bretons

3312 3022 126 33 Scrutin
3452 3037 52 20 sur
3521 3030 27 30 le
3573 3038 132 31 passage
3736 3035 17 27 à
3782 3037 30 27 la
3840 3037 175 32 discussion

3272 3070 53 21 ■es
3347 3067 122 27 articles
3496 3069 40 28 do
3554 3071 96 37 projet
3678 3073 37 28 de
3729 3073 40 30 loi
3796 3076 103 31 relatif
3912 3078 19 30 à
3958 3087 57 22 eue

3270 3105 148 30 émission
3436 3106 37 30 de
3488 3115 84 22 renie
3586 3109 19 30 3
3619 3109 52 37 0,0
3684 3116 28 25 et
3728 3115 15 26 k
3770 3115 30 28 la
3828 3118 168 35 régularisa-

3269 3148 63 24 tion
3348 3143 53 31 de»
3416 3145 148 37 dôpeaie»
3580 3150 38 28 de
3633 3151 201 35 l'expédition
3860 3158 35 28 de
3912 3156 102 33 Chine

3270 3181 124 39 (adopté
3410 3193 53 28 par
3478 3185 58 31 340
3553 3188 72 31 voii
3639 3196 104 25 contre
3757 3193 80 37 165).

3302 3233 61 30 Oa»
3390 3239 64 25 voté
3482 3246 71 26 psur
3581 3247 8 20 :
3619 3241 77 28 MM.
3726 3243 113 30 Arœtz.
3868 3246 144 37 Basillon,

3267 3272 94 30 Brio»,
3380 3272 105 31 Brona,
3504 3273 282 33 Cosmao-Daménez
3827 3281 98 28 Isnard
3964 3283 31 28 Ja-

3267 3304 60 30 oob.
3345 3305 33 28 de
3391 3306 125 37 Kerjégu
3546 3309 39 27 Lt
3599 3311 106 32 Clcc'k,
3723 3314 39 28 Le
3777 3315 132 34 Troadeo,
3926 3319 71 27 Mios-

3266 3347 44 19 sec
3338 3340 150 37 Philippe,
3509 3343 136 32 Sarcoof.

3301 3374 61 27 Ont
3378 3380 65 24 voté
3457 3381 97 26 cojtre
3568 3389 6 19 :
3593 3381 78 27 MM.
3686 3383 130 35 Derrien,
3835 3386 165 30 Dubcisson

3265 3411 33 25 de
3312 3413 8 24 1
3333 3411 226 35 k.toorbsillon,
3576 3415 107 37 Fow»t,
3702 3418 145 34 Gayrani,
3866 3423 38 26 La
3925 3423 70 28 Goni-

3263 3446 50 25 deo
3330 3449 34 24 de
3384 3448 141 31 rraios*n,
3554 3450 150 35 Goieysua,
3733 3456 37 26 du
3797 3456 144 35 Halgonë»
3979 3461 33 26 de

3263 3482 175 33 Lanjuiuais
3475 3484 105 28 Rions!
3607 3488 33 26 de
3670 3488 189 37 Largeataye,
3887 3493 38 27 Le
3953 3494 39 28 Hé-

3359 3517 33 26 de
3409 3519 86 34 Mon,
3510 3520 113 34 Porteu,
3641 3523 34 27 de
3691 3524 112 28 R>haH.
3822 3527 128 30 Villiers.

3298 3550 116 30 Liaient
3429 3553 115 28 absente
3569 3565 34 25 p»
3606 3565 13 19 r
3633 3561 86 31 congé
3736 3567 8 19 :
3775 3560 77 28 MM.
3883 3563 124 32 Hémon,

3261 3588 32 22 da
3309 3588 167 33 KerooaMz,
3494 3589 117 31 M*ndo,
3638 3593 85 30 Rioa,
3739 3594 181 35 Jecqaetnin.

3359 3693 119 38 LA
3542 3685 373 56 RÉGION

3262 3761 256 87 fflalouine
3580 3776 52 74 ei
3692 3768 311 90 Dinannaise

3257 3941 21 4 _
3537 3912 45 30 Di,
3600 3926 78 17 ntßs
3690 3919 18 25 ij
3731 3918 33 27 23
3782 3922 163 27 novembre.

3256 3944 116 46 Pleine,
3417 3954 72 19 aers
3506 3956 6 18 :
3530 3952 92 26 malin
3640 3959 7 19 :
3672 3952 15 26 3
3705 3954 98 27 h-.ures
3819 3956 15 26 5
3849 3964 8 24 ;
3881 3958 119 27 hauteur

3255 3979 32 25 10
3307 3986 39 19 m.
3364 3983 43 30 74;
3428 3983 57 26 soir
3498 3983 17 25 S
3530 3984 32 27 h.
3581 3984 34 27 39
3632 3994 7 22 ;
3657 3989 139 28 hauteur:
3813 3990 34 27 10
3861 3998 40 21 m.
3925 3991 74 27 19.-

3256 4020 99 19 oasse*
3373 4023 72 20 mers
3463 4025 7 18 :
3487 4020 91 25 malin
3598 4019 32 27 10
3645 4022 30 27 h.
3692 4030 6 7 •
3711 4024 122 27 hasteer
3843 4028 83 27 :2m
3947 4028 37 26 58
3997 4019 2 35 ■

3253 4055 58 20 soir
3326 4056 7 19 :
3350 4049 33 27 10
3399 4050 32 28 h.
3450 4050 34 28 32
3498 4061 9 24 ;
3527 4055 123 28 hauteur
3664 4064 8 20 :
3686 4056 19 27 2
3723 4067 40 20 m.
3782 4059 44 27 05.

3287 4082 78 27 B»o
3380 4084 50 27 de
3444 4088 150 27 Ulnard
3669 4094 193 33 AojourJhul
3891 4096 35 27 2»
3952 4107 35 19 no

3252 4120 117 27 rembre
3386 4121 180 30 :de7h.3o
3579 4128 14 24 à
3608 4126 31 27 11
3702 4128 34 26 30
3758 4137 57 19 aux
3834 4133 81 33 Bey«.
3934 4134 63 26 oh.

3249 4150 35 27 00
3308 4154 128 28 donteux
3450 4163 7 25 ;
3474 4157 34 25 de
3542 4160 12 25 1
3573 4160 27 26 h.
3626 4162 33 26 30
3684 4165 15 25 fc
3720 4163 17 26 5
3763 4166 27 26 h.
3820 4167 44 32 30,
3893 4168 59 27 oale
3967 4169 31 26 de

3255 4186 109 33 Dinan;
3380 4188 18 28 0
3415 4192 32 27 h.
3465 4192 35 27 00
3515 4193 135 28 douteux.

3328 4251 222 58 Syndicat
3589 4258 57 44 de
3685 4260 231 48 Pêcheurs

3248 4336 30 27 A
3292 4336 181 33 Cancale.
3556 4344 249 32 Mouvement
3829 4349 145 31 Intérca-

3516 4391 32 7 —
3568 4381 74 26 Une
3659 4383 183 30 réuulon.

3291 4443 32 31 A
3339 4443 150 33 diverses
3506 4447 158 40 reprises,
3683 4460 87 22 nous
3784 4460 106 26 avons
3907 4454 69 32 trai-

3247 4485 33 31 té
3300 4485 84 33 daat
3404 4496 37 22 ce
3458 4487 137 44 journal
3612 4491 33 34 la
3664 4495 161 40 question
3841 4498 59 31 des
3914 4499 57 32 huî-

3246 4530 70 30 tres
3334 4533 20 30 à
3373 4530 145 35 Cancale
3540 4539 34 27 et
3605 4539 136 32 montré
3761 4546 176 27 comment
3959 4544 33 31 le

3243 4572 152 41 pécheur
3415 4574 83 35 isolé
3509 4587 34 22 se
3566 4581 120 32 trouve
3704 4584 287 34 nécessairement

3242 4618 19 30 à
3281 4620 32 28 ia
3333 4619 106 33 merci
3459 4622 43 32 de
3522 4631 86 25 ceux
3624 4625 73 41 qui,
3716 4628 78 39 plus
3815 4629 175 40 puiasants

3242 4662 33 30 et
3293 4661 117 34 mieux
3430 4667 185 41 organisés,
3639 4669 144 33 traitent
3811 4682 83 22 avec
3920 4672 66 35 lai.

3287 4702 46 35 Et
3358 4707 79 40 plus
3467 4708 103 34 d'une
3589 4711 65 33 fois
3672 4722 89 24 nous
3780 4724 106 24 avons
3906 4726 63 25 con-

3241 4747 96 33 seillé
3356 4760 69 22 aux
3444 4750 122 35 braves
3586 4754 177 37 Caacalais
3797 4760 41 32 de
3865 4760 104 33 s'asso-

3240 4791 80 34 cier.
3343 4791 50 35 Le
3411 4796 161 41 syndicat
3591 4802 64 35 est,
3677 4804 20 30 &
3716 4804 98 32 notre
3833 4805 145 41 époque,

3241 4839 30 28 ie
3291 4838 73 32 seul
3385 4838 211 38 instrument
3617 4845 43 32 de
3679 4845 138 34 défense
3836 4858 69 31 que
3933 4848 47 33 les

3239 4879 106 43 petits
3365 4886 33 28 et
3419 4883 47 34 les
3489 4885 118 34 faibles
3626 4890 152 40 puissent
3798 4893 126 31 mettre
3939 4903 44 22 au

3237 4924 130 34 service
3385 4926 41 33 de
3446 4929 92 33 leura
3560 4930 155 34 intérêts.

3280 4967 59 41 Or,
3361 4978 19 24 c
3392 4972 65 38 est,
3495 4975 165 39 parait-il,
3685 4985 38 24 ce
3755 4988 67 31 que
3854 4978 47 33 les
3926 4982 57 38 pé-

4094 291 123 37 ehôura
4250 295 168 35 cancalais
4455 301 164 35 viennent
4656 305 41 35 de
4748 317 69 26 com-

4093 337 157 40 prendre.

4136 379 46 34 Ils
4218 392 43 22 ne
4297 386 154 40 veulent,
4492 389 279 46 heureusement,
4801 397 38 34 ai

4094 425 170 34 violences
4312 430 37 32 ni
4387 432 259 39 manifestation
4694 438 145 37 d'allure

4093 467 170 46 politique
4283 480 11 26 :
4313 472 227 45 l'expérience
4569 481 43 33 de
4642 483 76 33 tant
4739 482 80 37 d'au-

4094 514 69 31 tres
4178 513 76 34 leur
4272 526 20 24 a
4310 524 132 34 prouvé
4461 520 85 45 qu'il
4566 523 76 35 faut
4657 536 35 24 se
4713 527 126 35 borner

4093 557 18 28 à
4143 559 176 40 organiser
4339 565 269 44 pacifiquement
4642 569 48 34 le*
4723 573 111 34 forcei

4093 601 309 43 professionnelles,
4426 619 77 22 sans
4521 621 137 26 aucune
4691 617 130 34 arriéra-

4091 647 123 38 pensée
4243 650 34 31 et
4315 659 61 33 par
4408 650 132 38 l'union
4565 656 32 34 la
4631 657 78 44 plus
4743 670 72 25 com-

4091 690 91 39 plète
4202 691 43 33 de
4266 693 92 39 tous,
4393 696 30 33 si
4453 696 69 35 l'on
4552 704 83 31 veut
4659 702 142 37 aboutir
4819 707 20 32 à

4091 731 58 33 des
4170 733 164 37 résultats
4354 741 172 35 vraiment
4557 745 189 44 pratiques.

4134 775 98 38 Nous
4260 791 43 22 ne
4335 785 157 33 saurions
4521 790 78 40 trop
4620 789 47 34 les
4690 793 149 34 féliciter

4090 823 19 30 à
4129 821 32 32 la
4181 823 63 33 fois
4273 827 44 31 de
4349 830 92 31 cette
4478 840 136 34 sagesse
4646 839 34 30 et
4711 837 43 33 de
4782 840 57 31 cet

4090 868 109 38 esprit
4219 868 41 33 de
4284 870 203 43 résolution,
4505 882 34 26 et
4566 887 89 24 nous
4676 879 74 35 leur
4782 885 38 31 ré-

4093 911 119 47 pétons
4245 922 67 32 que
4339 914 276 39 YOuest-Eclair
4643 932 76 25 sera
4753 927 61 32 tou-

4089 952 96 43 jours
4204 964 44 25 au
4267 959 131 34 service
4427 963 43 32 de
4493 963 76 34 leur
4597 976 113 31 cause,
4735 979 102 31 parce

4090 998 124 41 qu'elle
4230 1004 53 30 est
4297 1003 102 34 noble
4419 1009 34 31 et
4467 1006 105 43 juste.
4657 1010 64 35 Ch.
4749 1013 40 33 B.

4133 1050 45 34 N.
4199 1051 41 34 B.
4351 1055 73 34 Une
4456 1059 150 33 réunion
4638 1072 92 25 aura
4768 1065 71 34 lieu

4089 1093 142 34 demain
4251 1098 181 35 dimanche
4442 1103 41 33 24
4504 1110 144 30 courant
4663 1111 20 28 a
4697 1111 18 31 1
4729 1110 33 32 h.
4782 1113 57 39 1(2

4090 1139 275 43 del'après-midi
4385 1148 20 31 a
4423 1147 33 33 la
4467 1146 93 37 Salle
4580 1152 64 38 nes
4644 1152 191 38 Pêcheurs.

4089 1182 53 32 M.
4170 1183 61 33 Ch.
4251 1185 132 40 Bodm,
4403 1191 204 40 professeur
4622 1194 215 35 d'économie

4083 1226 172 44 politique
4276 1232 21 30 à
4317 1230 229 39 l'Université
4579 1237 44 33 de
4650 1239 141 35 Rennes
4809 1253 26 31 y

4090 1270 146 34 traitera
4257 1274 41 33 de
4313 1285 32 24 îa
4377 1280 168 34 nécessité
4565 1281 41 33 de
4628 1283 190 45 l'organisa-

4090 1317 71 31 tion
4196 1319 176 40 syndicale
4406 1328 34 27 et
4473 1325 59 33 des
4565 1336 144 34 moyens
4736 1331 40 33 de
4801 1333 35 32 la

4090 1359 146 33 réaliser.
4269 1361 90 35 Tous
4388 1364 47 33 les
4453 1365 169 44 pécheurs
4659 1371 174 35 d'huîtres

4088 1402 41 33 de
4150 1403 154 35 Cancale
4320 1419 25 32 y
4358 1414 78 28 sont
4456 1417 206 38 convoqués.

4500 1482 295 35 SAI.Vr-tIALO

4133 1517 164 30 ihA&tre.
4377 1519 81 31 C'e»i
4482 1522 91 31 laudi
4597 1530 161 33 prochain,
4792 1530 39 30 25

4089 1559 174 31 novembre,
4279 1566 59 26 que
4354 1569 69 20 i«r*
4434 1563 70 34 joaè
4518 1572 40 20 au
4574 1565 116 30 théâtre
4707 1570 28 27 la
4749 1571 64 27 eàie

4090 1594 48 27 bre
4155 1594 105 31 drame
4279 1596 66 33 Quo
4374 1597 107 37 Va*iù,
4499 1602 57 31 tiré
4569 1604 41 30 du
4628 1607 76 27 beaa
4720 1615 111 25 rotruta

4087 1632 37 28 de
4139 1633 207 38 Sienkievtoz,
4377 1646 54 28 pur
4449 1641 32 28 M
4512 1641 100 32 Eanile
4631 1644 137 32 Moreau.
4780 1646 53 33 Oa

4087 1672 58 28 saii
4160 1680 61 24 (oui
4237 1676 30 28 le
4279 1678 105 27 succès
4402 1680 112 31 obtenu
4528 1691 57 27 par
4599 1693 34 20 ce
4648 1685 70 28 oh»f
4735 1687 18 28 d
4768 1696 50 21 ceu-

4089 1720 50 21 »re
4154 1713 51 37 qoi
4221 1722 66 22 sera
4306 1717 163 34 interprété
4486 1729 54 28 par
4556 1724 44 27 les
4613 1726 119 27 artiste»
4749 1727 38 27 dn
4804 1728 31 30 la

4088 1752 89 28 Porte
4196 1752 90 32 Siint
4305 1755 128 34 Martin,
4449 1766 96 31 ayant
4564 1763 18 27 à
4593 1763 65 28 leur
4671 1765 57 28 tête
4742 1765 70 31 MM

4090 1791 172 38 Dugoe.na,
4278 1793 118 37 O.sarl,
4416 1796 123 39 Sfgond
4552 1809 6 25 ;
4578 1801 99 32 Mmes
4706 1804 119 32 Jeaane

4090 1831 167 37 oriudeau,
4279 1835 110 35 Uayiz,
4404 1844 58 22 eio.

4128 1870 91 31 Euot
4233 1873 118 31 donoôe
4368 1878 30 27 la
4413 1876 81 32 ?»ule
4508 1880 125 30 éooraae
4658 1883 52 38 qai
4736 1885 80 30 aisis-

4088 1915 60 25 lera
4162 1912 18 26 à
4196 1918 77 24 oetie
4300 1917 240 33 rfp'éientation
4566 1922 260 37 extraordinaire,

4085 1950 21 28 tl
4123 1959 65 20 sera
4204 1954 131 34 prudent
4350 1955 37 31 de
4401 1959 113 27 rstauir
4527 1967 46 21 ses
4606 1963 100 34 plaçai
4734 1965 18 27 X
4779 1964 39 30 l'a-

4088 1997 102 21 vance.

4188 2027 328 38 S4IVT-BKXOIT
4534 2036 85 30 DES
4639 2040 152 31 ONDES

4123 2067 73 30 Es»
4515 2078 181 31 l'ivrew*«.
4789 2083 41 30 La

4085 2106 35 31 20
4139 2114 168 26 novembre
4322 2118 131 31 dernier,
4470 2125 69 20 vers
4564 2118 74 30 trois
4665 2120 109 31 heure»
4792 2125 38 30 de

4106 2150 196 34 après-midi,
4323 2153 152 35 plusieurs
4493 2157 158 31 habitant*
4672 2160 39 30 de
4727 2160 103 31 Sainl-

4087 2186 109 31 Bsnoit
4212 2190 37 28 de
4266 2190 115 35 Ondes,
4398 2196 217 31 apercevaient
4631 2199 17 27 à
4681 2200 31 28 la
4742 2206 84 31 porte

4085 2225 90 30 d'une
4191 2229 130 34 maison,
4341 2242 58 19 une
4416 2235 103 28 vieille
4543 2236 123 33 femme,
4684 2243 145 28 entourée

4083 2265 37 28 de
4144 2267 142 32 flammes
4316 2275 28 25 et
4372 2274 98 28 criant
4496 2275 38 28 de
4563 2280 97 27 toutes
4690 2287 47 21 ses
4766 2281 48 30 for-

4083 2313 64 20 ces.

4120 2346 149 34 Aussitôt,
4287 2347 39 31 ils
4342 2359 203 24 accoururent
4560 2355 18 27 à
4605 2363 54 21 roa
4685 2366 136 28 secours,

4083 2386 43 27 lui
4139 2386 176 32 enlevèrent
4332 2398 224 30 prumpiemenl
4574 2404 46 19 ses
4649 2396 87 30 tffstj
4749 2404 28 25 et
4794 2385 30 44 là

4083 2431 110 25 mirent
4207 2427 79 30 ainsi
4304 2427 70 30 hors
4390 2431 37 28 de
4442 2431 125 35 danger.
4598 2433 81 31 Tous
4711 2445 91 24 reaon

4085 2470 110 24 Durent
4227 2470 81 26 alors
4325 2469 31 28 la
4371 2477 94 24 veuve
4501 2472 148 37 Clouard,
4685 2476 74 38 âgée
4788 2479 39 30 de

4081 2504 228 31 soixante-trois
4325 2516 67 27 ans,
4409 2517 63 28 qui.
4491 2510 111 37 depuis
4619 2516 27 26 la
4675 2522 79 25 mort
4780 2522 39 26 de

4081 2551 54 21 •on
4152 2544 89 33 mari,
4258 2554 43 21 un
4317 2549 111 33 marin,
4448 2551 107 30 touche
4570 2550 58 32 800
4641 2554 103 31 îranos
4770 2568 56 26 par

4081 2590 38 21 an
4135 2583 111 37 qu'elle
4274 2584 131 38 dépense
4441 2597 37 22 en
4513 2594 117 33 graude
4656 2595 96 35 partie
4778 2607 40 21 en

4082 2622 135 31 boisson.
4238 2624 83 30 Tous
4338 2627 41 30 les
4408 2628 84 37 jaurs
4528 2631 73 33 ivre,
4638 2634 28 28 la
4702 2635 115 32 femms

4080 2661 136 31 Clouard
4232 2666 17 26 à
4264 2666 38 27 de
4315 2669 98 35 temps
4429 2668 17 28 à
4474 2673 86 27 autre
4589 2672 52 31 des
4672 2673 126 35 déranae-

4080 2706 98 25 msnls
4194 2704 136 35 d'sspril.

4117 2740 52 34 Or,
4188 2744 28 28 le
4230 2743 39 28 20
4294 2747 174 35 uovembre,
4506 2754 94 32 ayant
4632 2760 111 24 encore
4779 2757 41 31 bu

4078 2781 69 34 pins
4162 2790 60 28 q'ie
4235 2784 39 27 de
4289 2790 143 26 ooutume
4446 2792 28 24 et
4488 2794 93 31 syant
4597 2790 90 35 froil,
4706 2796 59 30 elle
4788 2806 33 21 »•

4080 2822 53 27 «il
4148 2825 67 32 trop
4233 2824 66 30 près
4315 2824 43 30 du
4372 2826 60 33 feu,
4457 2833 28 22 et
4508 2837 120 22 comme
4656 2835 59 27 e.le
4743 2835 59 30 titu-

4080 2859 70 31 bait.
4168 2865 41 24 les
4224 2862 142 32 fl.menés
4382 2864 138 33 s'étaient
4543 2872 241 35 communiquée
4799 2877 19 28 &

4077 2907 47 21 ses
4140 2900 181 32 vèitmenis.

4115 2937 69 31 Elle
4200 2948 37 22 ne
4252 2941 63 30 l'ea
4331 2949 125 30 aperçai
4482 2954 53 28 pas
4564 2947 139 33 d'abord.
4721 2952 44 30 Ce
4781 2963 38 21 ne

4076 2978 43 30 fut
4133 2987 58 30 que
4202 2979 176 39 lorsqu'elle
4394 2985 90 28 «eniit
4496 2986 41 30 les
4550 2987 28 30 b.
4589 2988 102 32 ûlures
4706 2993 113 34 qu'elie

4075 3025 32 21 19
4123 3018 54 30 mil
4193 3021 17 26 à
4225 3019 90 32 crier.
4333 3021 26 30 Il
4374 3024 73 28 était
4463 3030 98 33 temps
4574 3026 7 28 1

4117 3057 56 31 Les
4187 3059 83 34 jours
4286 3060 35 30 de
4338 3063 28 27 la
4383 3065 162 35 ménagèrs
4576 3076 37 21 ne
4641 3071 176 34 paraissent

4077 3104 52 30 pas
4144 3105 38 22 en
4199 3098 129 37 danger.

4619 3168 158 32 LEHOX

4113 3198 71 28 Tes
4209 3198 137 31 Frère»
4367 3201 228 34 Saint-Jean
4625 3208 46 30 de
4703 3210 110 33 Die*.

4074 3250 34 7 ~
4243 3241 65 30 iseil
4335 3244 170 37 municipal
4532 3247 37 31 de
4597 3248 106 32 Lthon
4731 3253 84 32 vient

4072 3276 156 33 d'emeître
4243 3280 28 31 le
4290 3291 69 21 v»i
4376 3285 123 28 suivant
4518 3295 8 18 :

4110 3332 15 20 «
4144 3325 41 32 Le
4201 3327 137 37 Conseil,
4356 3332 197 32 considérant
4567 3344 58 28 que
4642 3338 43 30 les
4703 3339 109 32 Frères

4071 3364 35 30 de
4123 3364 97 32 S»int-
4230 3366 76 32 Jsau
4319 3370 37 31 de
4374 3370 25 30 D
4414 3380 38 21 eu
4469 3372 11 30 f
4491 3378 43 25 jnt
4547 3383 41 22 uu
4612 3377 71 31 bien
4711 3381 85 28 consi-

4071 3405 122 28 dérable
4208 3415 61 21 non
4287 3411 169 30 «eulem-nt
4482 3415 15 26 k
4533 3419 86 25 notre
4646 3426 167 22 communs

4069 3451 37 21 as
4129 3443 116 37 Léhon,
4263 3449 78 27 mais
4358 3452 83 26 aussi
4457 3461 60 20 aux
4547 3462 178 25 communes
4744 3461 51 27 voi-

4070 3483 93 34 «iaes,
4182 3494 53 28 par
4252 3489 63 26 leur
4328 3489 210 34 dévouement,
4553 3494 80 28 leurs
4646 3498 162 30 aumônes,

4070 3523 26 28 le
4111 3527 109 26 travail
4246 3527 91 35 qu'ils
4364 3537 163 28 procurent
4553 3541 60 21 aax
4638 3534 156 37 iadigents

4067 3561 117 38 l'esprit
4429 3576 27 21 et
4470 3572 28 28 le
4521 3572 61 31 zèle
4607 3582 73 21 aveo
4706 3576 11 28 1
4736 3561 73 53 quel

4067 3601 38 27 ils
4119 3602 141 37 soignent
4274 3606 43 28 les
4338 3608 137 30 maladas
4491 3612 53 34 qui
4559 3613 65 28 leur
4651 3621 67 22 sont
4734 3625 59 22 eon-

4067 3639 53 30 fiâs
4136 3639 5 32 ;

4107 3685 14 20 »
4147 3678 50 34 Q-î
4209 3681 37 28 île
4281 3684 51 28 oui
4367 3686 158 31 contribué
4563 3698 78 27 pour
4675 3692 32 30 li
4737 3697 72 33 p!n*

4065 3717 84 39 Urga
4175 3724 65 31 pari
4266 3722 15 28 à
4307 3723 28 28 la
4361 3728 209 30 construction
4605 3730 43 30 du
4683 3736 106 34 pretby-

4065 3758 71 34 lère,
4152 3763 27 25 ei
4195 3763 15 25 à
4231 3761 30 28 la
4277 3769 129 32 preique
4421 3768 116 28 totalité
4552 3768 37 31 de
4604 3770 116 33 réalité
4748 3776 38 28 ab-

4067 3797 109 31 batiale
4191 3808 7 21 ;

4103 3844 15 19 »
4135 3836 98 34 Qu'ili
4250 3841 126 31 laittenl
4400 3846 219 34 graluiiemont
4635 3849 17 30 à
4668 3852 30 28 la
4723 3861 63 22 oom-

4065 3885 90 21 mun«
4179 3879 31 27 la
4232 3880 175 35 jouissauoe
4427 3885 38 30 de
4492 3887 28 26 la
4559 3887 112 32 Mairie
4697 3899 28 21 si
4752 3895 54 30 de*

4062 3915 79 30 disux
4159 3919 135 31 maùoui
4313 3922 112 30 d'école
4447 3926 216 34 parfaitement
4680 3934 106 28 aména-

4061 3964 69 27 ge»
4144 3965 6 24 ;

4100 4003 15 18 »
4133 3994 85 32 Dint
4232 4006 50 21 cas
4297 3999 184 38 conditions
4498 4004 28 30 le
4540 4004 137 39 Conteil,
4709 4015 96 28 ar.ràt

4059 4042 37 21 ea
4113 4036 84 27 avoir
4212 4037 142 34 délibifé,
4372 4042 79 30 émît
4478 4044 18 26 à
4522 4044 195 32 l'unaximiii
4734 4062 70 20 zson

4061 4076 167 30 seulsmeal
4244 4087 39 21 un
4300 4082 66 26 avis
4381 4080 126 32 fivorab
4522 4093 14 21 a
4552 4088 18 26 à
4585 4088 66 27 leur
4668 4089 115 32 deman-

4058 4111 37 30 da
4110 4114 241 39 d'autorisation,
4371 4120 77 28 mais
4465 4123 107 30 eilime
4589 4134 59 27 que
4662 4129 69 30 leur
4747 4131 43 30 dA

4057 4160 20 30 p
4087 4156 38 25 :rl
4140 4155 91 28 serait
4241 4165 59 22 une
4313 4166 80 28 per<e
4407 4160 222 38 préjuiiciabie
4644 4174 77 27 pour
4734 4174 66 27 loat

4070 4204 17 18 ts
4102 4201 87 30 pays.
4207 4201 15 21 »

4037 4241 1 41 1
4264 4273 11 9 ,
4580 4243 178 32 niNAR»

4090 4271 223 32 EIAT-CIVIL
4329 4277 32 26 i»
4377 4277 120 30 Diaard.
4567 4283 181 30 Naissance.

4150 4310 154 33 Joaâphiaa
4317 4310 103 31 Collie.

4088 4341 150 37 Mariage.
4302 4345 106 31 Néant.

4052 4410 21 15 „.
4089 4376 21 26 D
4111 4381 20 45 ,*
4133 4377 32 26 cè
4157 4411 33 6 ~
4207 4391 30 7 ~
4252 4380 139 35 Li<aorel,
4415 4391 145 28 anonyma
4573 4395 7 25 ;
4609 4389 72 27 Jean
4713 4393 60 30 Mtr-

4055 4446 45 27 but
4205 4420 34 21 tn
4243 4422 22 25 *'
4294 4423 50 20 Gar
4346 4426 17 18 *
4368 4419 79 33 âlla,,
4463 4421 33 33 *P
4498 4429 56 20 OUX
4618 4423 32 28 M
4655 4434 58 21 via
4742 4430 48 27 ri.

4615 4494 145 32 ni\AN

4089 4519 110 33 Ecole
4214 4525 22 27 d
4248 4534 33 19 u
4302 4526 227 35 Corde.ieis.
4609 4537 50 28 N„
4661 4547 35 19 ai
4713 4547 65 24 iom

4052 4569 60 22 mtts
4127 4565 136 31 hïurrtux
4525 4574 43 30 lai
4592 4580 105 25 «ncjAa
4714 4587 64 22 rem

4049 4604 99 34 portés
4166 4612 53 26 par
4237 4605 40 31 les
4292 4609 102 28 élèves
4409 4610 37 31 ùa
4461 4610 117 33 l'Eoole
4604 4616 53 28 de*
4674 4617 98 32 Corda-

4049 4643 70 26 tiers
4135 4645 17 24 à
4168 4643 24 28 D
4209 4652 60 22 nau
4285 4646 17 28 à
4317 4643 31 33 la
4505 4652 38 30 de
4559 4652 137 34 Ruines.

4085 4680 61 31 Ont
4160 4683 46 31 été
4221 4693 87 28 reça*
4324 4687 246 34 dffiuitivemem
4586 4702 9 21 :

4082 4733 219 31 Baccalauréat
4306 4737 190 37 classique.-
4508 4742 184 38 Ritboriqns:
4708 4748 69 31 'JW

4046 4766 132 35 Fraiifoi*
4196 4769 141 31 Lerraiae.
4357 4773 31 27 i*
4408 4774 86 30 Salai
4508 4778 80 28 Jaaal
4603 4781 34 27 da
4655 4783 28 27 la
4707 4786 60 26 Mer
4780 4774 7 28 :

4178 4804 32 48 hf
4211 4813 15 18 0
4231 4813 12 19 '
4244 4814 7 18 c
4252 4807 12 46 ',
4265 4815 11 17 e
4270 4843 7 15 (
4278 4808 18 43 V
4320 4808 15 26 d
4368 4809 104 30 pl4né9
4488 4813 14 27 ''
4509 4821 14 18 a
4528 4821 51 24 Coa
4594 4804 5 54 ;
4616 4815 70 30 J«aa
4706 4808 80 40 Nos-'

4045 4845 40 26 'y,
4115 4839 33 26 do
4176 4839 11 27 I
4202 4841 145 30 Jeu4ih*a.
4459 4847 188 33 Pailoiopbi*
4665 4861 8 19 :
4708 4858 65 24 mm

4044 4883 180 60 Merd'rîfnao
4502 4883 15 30 J
4520 4891 17 20 °
4538 4886 70 33 Wph
4750 4894 35 26 *

4076 4943 220 46 Baccalauréat
4310 4949 144 30 moderne.
4517 4954 144 31 Première
4672 4963 94 26 parti».
4780 4972 6 6 •

4038 4976 69 28 Jean
4123 4977 40 30 La
4178 4981 84 34 Cooq,
4276 4983 33 26 de
4322 4983 100 30 Dinan
4439 4995 7 22 ;
4461 4988 129 30 Aristide
4603 4993 71 33 Mal,
4690 4996 33 26 de
4739 4996 48 30 Si-

92 5057 196 20 pbuillbtom
305 5057 39 20 d«
372 5048 141 30 L'O*t»i
529 5042 113 35 Éclair
681 5048 58 30 109

12 5137 369 135 L'AGENCE
424 5137 335 135 ROUILLE

118 5298 74 46 Par
211 5298 141 46 Xavier
366 5300 46 44 de
428 5289 228 56 MONTÉPIN

181 5420 233 37 PREMIÈRE
431 5425 159 33 PARTIE

373 5491 28 31 V

48 5546 58 30 L»s
120 5545 118 31 soldats
254 5544 38 32 de
309 5544 130 34 marine,
458 5545 119 37 surpris
594 5545 79 31 dans
689 5546 67 30 leur

8 5590 144 31 sommeil
170 5598 54 30 pu
240 5589 28 31 le
283 5589 80 30 brait
377 5589 41 30 du
433 5598 79 30 oeup
528 5589 38 31 de
579 5589 51 31 lea
645 5589 37 31 de
694 5589 40 31 Dt-

7 5634 117 38 gobsrt,
142 5639 30 26 et
185 5636 206 34 comprenant
420 5634 72 35 qu'il
535 5634 154 34 l'afpiivait
718 5634 37 30 de

7 5678 151 31 l'évasion
171 5678 73 28 d'un
261 5678 107 35 forçat,
386 5678 139 30 s'étaient
537 5678 80 30 levé*
647 5687 28 20 e«
705 5678 34 30 ha-

7 5721 91 31 billéi
115 5724 19 28 à
146 5721 28 31 la
191 5721 70 31 hâte
274 5730 74 28 pour
363 5721 103 30 oonrir
478 5730 60 21 aux
552 5721 142 31 fenélrei.

48 5766 44 31 Ce
107 5767 64 28 r6le
185 5765 39 31 de
250 5770 190 34 sptciatoars
467 5765 113 38 passifs
606 5774 39 22 ne
671 5769 83 30 suffît

7 5811 73 38 plat
94 5811 19 27 à
129 5809 155 31 satisfaire
309 5812 65 26 leur
402 5810 144 30 curiosité
573 5811 180 34 surexcitée,

7 5854 159 39 lonqa'ilt
193 5852 189 38 eomprirect
405 5861 58 28 que
491 5852 53 30 dei
573 5855 181 31 recherches

9 5898 133 30 allaient
167 5896 86 30 avoir
276 5896 61 31 lieu
365 5896 78 31 dan*
467 5897 31 28 la
523 5906 84 27 cour,
622 5902 30 26 et
669 5902 66 34 peut-

6 5942 65 31 être
87 5941 100 31 même
203 5940 77 30 dani
296 5940 169 30 l'intérieur
480 5941 37 30 de
530 5941 31 28 la
575 5949 137 24 caserne.

48 5987 45 27 11»
109 5986 163 28 voulurent
288 5985 80 28 alori
384 5985 19 28 à
419 5988 80 26 tonte
514 5985 83 31 foroe
611 5993 32 22 se
658 5987 94 30 mêler

5 6038 43 22 •s
63 6030 109 28 drame
185 6032 161 28 nocturne,
364 6035 38 22 ne
425 6027 47 31 I*l
487 6037 34 21 ee
548 6038 57 27 que
631 6038 77 28 pour
732 6039 21 30 y

5 6076 90 35 Jouer
110 6073 30 30 le
154 6072 65 30 rôle
233 6071 38 31 de
286 6078 188 32 comparse*.

48 6117 43 30 Ils
107 6117 187 30 désertèrent
309 6123 38 21 en
373 6124 102 21 masse
500 6117 45 30 les
570 6117 181 31 ohambrées

4 6167 30 26 •t
50 6159 215 31 descendirent
287 6158 195 38 rapidement
507 6159 78 31 dans
611 6162 32 28 la
665 6169 83 27 o»ur,

4 6206 136 30 laissant
165 6203 133 31 derrière
322 6211 58 21 eux
404 6206 45 28 les
465 6204 130 30 oroisées
612 6210 138 25 ouvertes

4 6254 32 26 ai
48 6256 40 22 ne
103 6252 150 34 songeant
267 6248 93 37 guère
376 6248 17 27 à
412 6247 112 32 fermer
539 6248 45 31 les
600 6254 111 33 partes.

47 6292 73 32 Ceol
150 6292 65 30 doit
246 6291 110 31 rendre
381 6292 178 35 acseptabie
589 6300 76 30 pour
694 6302 56 22 nos

4 6338 136 31 lecteurs
156 6339 78 26 cette
249 6335 132 30 solitude
398 6335 206 31 miraculeuse
630 6345 39 22 an
694 6339 38 28 mi-

4 6381 66 31 lieu
85 6379 38 32 de
138 6379 135 38 laqnelle
289 6378 164 31 Vaubaron
470 6381 120 35 pénétra
598 6381 34 30 it.

47 6424 80 32 Sans
155 6424 133 37 prendre
312 6423 30 31 le
369 6428 98 32 temps
493 6424 37 30 de
544 6424 148 32 chercher
707 6425 44 31 les

4 6476 112 24 eantM
129 6467 74 31 d'an
219 6467 130 38 prodige
363 6467 26 28 si
413 6467 157 31 favorable
598 6476 73 27 pour
694 6469 56 33 loi,

4 6515 31 33 la
48 6509 196 40 mÉCÂpioiao
259 6515 137 28 traversa
409 6511 32 31 la
455 6511 176 37 chambrée,
660 6521 92 28 pasta

811 5046 33 20 ta
861 5037 56 31 tête
933 5047 54 28 par
1003 5041 28 27 1?
1051 5048 84 28 pore
1147 5046 85 25 entre
1248 5041 123 35 b&iilée,
1388 5049 38 27 et,
1443 5049 113 31 voyant

810 5081 28 30 la
854 5081 138 31 corridor
1009 5082 79 35 vide,
1106 5082 22 31 il
1144 5082 188 32 a'aventura.

850 5124 51 31 Un
917 5126 129 30 escalier
1062 5127 132 30 montait
1209 5130 18 26 à
1243 5127 109 39 l'élsge
1365 5130 170 38 supérieur.

848 5167 43 31 L«
906 5169 103 38 fugitif
1024 5178 38 21 en
1077 5171 103 38 gravit
1196 5172 41 30 les
1256 5172 154 37 marches;
1439 5174 22 30 il
1488 5184 51 27 par-

809 5217 107 25 courut
933 5222 41 22 un
991 5215 113 30 second
1120 5215 149 35 corridor;
1300 5216 21 30 il
1351 5217 136 33 fiaachit
1517 5218 38 31 de

809 5264 162 22 nouveaux
987 5257 118 39 drgrés,
1136 5261 136 35 toojours
1289 5270 72 21 sans
1378 5268 177 25 rencontrer

809 5300 69 31 âme
892 5302 53 35 qui
960 5303 80 30 vive,
1067 5308 30 25 et
1111 5303 93 35 enfin,
1238 5313 57 30 par
1309 5314 61 21 nue
1384 5306 118 32 échelle
1517 5309 39 28 de

810 5344 137 30 meunier
963 5347 106 30 munie
1084 5347 91 31 d'une
1201 5355 109 31 rampe
1336 5349 37 31 de
1398 5350 100 34 corde,
1532 5350 21 31 il

808 5385 141 35 atteignit
963 5386 31 28 la
1016 5389 85 33 porte
1119 5387 52 31 des
1188 5393 100 26 vastes
1304 5389 138 35 greniers
1460 5391 77 35 prati-

808 5428 74 35 qués
896 5435 73 22 sous
985 5430 31 30 la
1031 5428 110 32 toiture
1157 5431 37 30 de
1208 5432 31 28 la
1253 5440 137 24 caserne.

846 5471 46 28 La
907 5472 59 30 clef
978 5472 73 30 était
1067 5474 18 28 à
1098 5474 33 28 la
1146 5483 130 22 serrure.

846 5515 168 32 Vaubaron
1028 5522 87 26 entra
1130 5522 40 31 et,
1199 5518 135 32 derrière
1346 5520 56 35 lai,
1420 5522 132 31 referma

807 5558 30 30 la
853 5563 96 33 porte.

847 5602 25 30 Il
889 5611 31 22 se
935 5604 131 31 trouvai!
1084 5614 40 21 au
1149 5606 107 31 milieu
1281 5607 93 32 d'une
1398 5609 152 31 obscurité

807 5647 158 35 profonde.
983 5648 56 34 Là,
1056 5649 70 38 pins
1143 5649 37 31 de
1195 5650 177 38 qninquetr;
1393 5653 43 30 les
1453 5654 97 28 bruits

806 5689 37 31 de
875 5691 172 32 l'extérieur
1075 5693 201 32 n'arrivaient
1312 5696 85 37 point
1426 5696 18 30 à
1472 5700 77 28 otite

806 5733 137 38 hauteur,
972 5740 28 26 et
1023 5737 63 30 l'on
1100 5738 158 30 entendait
1274 5739 91 32 d'nne
1380 5740 91 35 façon
1486 5741 46 30 dis-

806 5779 92 31 tincte
913 5779 28 31 le
965 5780 210 31 trottinemenl
1202 5783 106 37 rapide
1335 5784 53 31 des
1413 5789 63 26 rats
1502 5785 31 31 in-

804 5823 196 31 nombrables
1028 5826 52 34 qui
1096 5833 32 20 se
1148 5825 144 32 livraient
1306 5836 38 21 en
1361 5831 83 27 toute
1459 5831 72 27 sécu-

803 5865 57 31 rité
874 5868 18 28 à
906 5867 81 30 leurs
1003 5869 43 27 aff
1054 5869 73 31 sires
1142 5877 38 21 ou
1196 5870 19 27 à
1231 5870 83 31 leurs
1330 5871 137 37 plaisirs.

844 5910 116 32 Poussé
976 5920 54 28 par
1045 5921 43 21 uo
1103 5911 126 32 instinct
1245 5914 164 37 irréfléchi,
1422 5916 104 31 Vauba-

804 5961 53 22 ron
873 5955 83 28 avait
969 5955 72 31 bîte
1055 5955 38 31 de
1107 5955 164 39 s'éloigner
1293 5957 37 31 de
1346 5960 30 28 la
1389 5965 96 32 porte.

843 5998 25 30 Il
882 5999 156 35 s'ecfooça
1067 6000 90 34 donc,
1187 6002 44 28 les
1258 6001 102 32 mains
1385 6005 157 35 étendues,

802 6040 78 32 dans
896 6043 30 30 la
933 6044 69 28 nuit
1012 6044 196 35 insondable,
1224 6046 30 28 et
1266 6045 21 28 il
1302 6053 39 22 ne
1355 6047 87 31 tarda
1452 6050 94 35 guère

802 6085 17 28 k
831 6093 33 22 se
879 6085 123 32 henrter
1016 6091 104 27 contre
1136 6097 41 21 un
1194 6086 53 32 des
1263 6087 104 33 arbres
1383 6091 37 31 de
1439 6093 31 28 la
1496 6092 33 38 gi-

800 6132 169 34 gantesque
981 6130 167 38 oharpente
1163 6131 53 39 qui
1245 6132 154 31 soutenait
1424 6135 27 31 le
1478 6137 64 28 toit.

842 6172 126 31 Partout
983 6175 45 30 lei
1037 6175 183 38 charpentes
1235 6182 52 25 ont
1302 6176 19 31 à
1337 6184 57 31 peu
1410 6180 69 37 près
1514 6180 31 31 la

802 6217 100 31 même
917 6217 130 31 formeet
1062 6216 136 40 figurent
1213 6229 86 22 assez
1315 6221 71 32 bien
1403 6223 28 28 la
1448 6231 83 24 mem

803 6261 87 32 brure
906 6261 74 32 d'un
996 6261 143 32 vaisseau
1153 6268 152 32 renversé,
1325 6266 30 28 la
1384 6266 97 38 quille
1506 6276 38 24 en

802 6305 79 31 l'air.

841 6348 45 32 De
894 6348 139 32 distance
1046 6358 38 22 en
1100 6350 150 37 distance,
1267 6353 38 31 de
1318 6361 123 31 grosses
1470 6364 53 28 pou-

802 6397 59 26 tre»
876 6393 207 31 horizontales
1098 6396 154 31 servaient
1269 6398 37 30 de
1320 6398 72 30 trait
1415 6398 128 32 d'nnion

800 6441 85 26 entre
899 6437 44 31 le»
960 6443 122 32 poutres
1098 6446 61 24 non
1176 6439 100 31 moins
1307 6443 151 30 massives
1489 6444 53 37 qui

801 6476 197 32 s'unissaient
1013 6478 17 28 k
1046 6480 90 37 acg'e
1170 6480 72 37 afgù
1269 6489 76 28 psur
1371 6482 113 31 former
1514 6483 28 32 le

800 6516 73 31 felie
889 6517 40 30 du
946 6517 64 30 loti.

1652 5044 169 32 Vaubaron
1835 5050 116 28 résolut
1967 5050 154 31 d'utiliser
2139 5054 17 27 i
2191 5061 57 21 «on
2277 5054 92 37 profit

1615 5093 77 26 cette
1710 5089 187 38 disposition
1915 5094 155 34 générale,
2086 5095 76 31 dont
2176 5096 21 28 il
2215 5105 32 21 se
2264 5099 104 28 rendit

1613 5133 216 35 parfaitement
1843 5141 125 33 oomple
1983 5137 71 32 bien
2068 5139 79 37 qu'il
2177 5148 39 22 ne
2246 5141 54 38 pût
2337 5145 31 27 ia

1615 5176 78 30 voir.

1651 5231 47 32 En
1711 5237 221 37 oenséquecoe,
1951 5237 21 31 il
1990 5245 32 24 se
2036 5237 86 32 bissa
2141 5250 73 21 sans
2243 5246 69 34 trop
2329 5243 38 32 de

1611 5283 90 34 peine
1716 5283 28 30 le
1757 5283 73 38 long
1848 5284 92 32 d'une
1970 5285 53 31 des
2054 5288 115 32 solives
2198 5290 167 37 inclinées,

1609 5329 30 25 et
1651 5324 21 31 il
1690 5324 142 32 s'étendit
1843 5331 18 25 à
1876 5329 188 37 plat-ventre
2079 5340 53 21 sur
2161 5341 61 21 nne
2255 5339 107 32 poutre

1610 5370 208 30 transversale
1832 5372 70 37 plus
1918 5374 84 37 large
2017 5381 60 31 que
2092 5383 57 22 son
2165 5383 105 30 corps.

1646 5412 104 35 Alors,
1768 5421 78 30 pour
1861 5417 30 27 la
1905 5418 152 35 première
2070 5418 59 28 fois
2147 5420 112 35 depuis
2275 5421 71 32 l'ins-

1609 5458 64 27 tant
1688 5456 39 30 où
1743 5458 44 30 les
1809 5466 53 28 pas
1889 5460 38 30 de
1955 5463 31 27 la
2011 5463 97 28 ronde
2135 5470 163 30 nooturne,
2329 5474 33 21 so

1607 5500 209 37 rapprochant
1830 5502 38 30 de
1881 5504 31 27 la
1928 5504 90 35 grille
2031 5505 43 30 du
2091 5505 115 37 bagne,
2236 5510 125 30 avaient

1607 5545 109 28 retenti
1742 5545 18 27 à
1776 5552 56 22 son
1848 5546 118 35 oreille,
1983 5549 22 28 il
2021 5549 52 35 ;û:
2089 5550 109 37 goûier
2213 5561 41 21 ua
2270 5562 89 28 repos

1606 5584 70 38 pins
1695 5589 135 37 oomplet
1845 5597 59 31 que
1939 5591 80 31 celui
2046 5594 38 30 de
2111 5595 32 28 la
2172 5595 66 31 bâte
2267 5596 92 32 fauve

1606 5631 190 35 poursuivie,
1815 5637 122 26 sentant
1967 5644 53 21 sur
2047 5644 48 24 sas
2122 5639 111 37 jarrets
2261 5641 99 30 raidia

1604 5673 146 34 l'haleine
1765 5675 128 32 ardente
1905 5678 37 30 de
1971 5680 30 28 la
2019 5686 113 26 maule.

1645 5726 81 32 Ponr
1747 5730 31 30 la
1792 5731 151 37 première
1958 5732 59 30 fois
2030 5733 21 28 il
2067 5734 119 38 respira
2202 5746 6 25 ;
2225 5737 45 31 les
2290 5737 51 32 bal-

1604 5772 129 30 taments
1749 5774 38 30 de
1802 5783 56 20 son
1874 5783 85 22 cœur
1976 5784 32 21 se
2023 5779 183 32 ralentirent
2224 5791 7 25 ;
2263 5781 21 30 il
2317 5792 39 21 ne

1571 5817 12 33 ï
1603 5813 44 30 lui
1663 5817 119 28 sembla
1792 5818 70 35 plus
1879 5826 60 30 que
1967 5819 45 31 les
2042 5820 262 35 bouillonements
2317 5828 39 31 de

1570 5880 11 7 *
1602 5865 56 22 ton
1672 5868 79 28 sang
1765 5861 129 32 allaient
1907 5862 78 31 faire
2000 5864 96 31 èlater
2111 5874 48 22 ses
2186 5870 125 31 artères.

1642 5909 70 33 Une
1723 5913 93 31 heure
1827 5915 130 31 environ
1972 5916 144 37 s'écoula,
2134 5919 79 31 dans
2230 5926 47 27 cet
2291 5924 63 31 étal

1602 5954 38 31 de
1654 5956 100 31 calme
1769 5957 103 30 relatif
1886 5965 28 24 et
1929 5961 190 37 réparateur.

1639 5996 50 32 Au
1706 6000 72 28 bout
1792 6000 38 32 de
1845 6009 33 22 ce
1894 6007 110 32 temps,
2019 6004 169 34 Vaubaron
2212 6009 126 31 entendi

1600 6041 98 31 naître
1713 6046 28 27 et
1755 6045 124 34 grandit
1894 6056 43 21 un
1954 6056 161 24 murmure
2143 6053 202 37 comparable

1600 6085 17 27 à
1633 6086 78 30 celui
1726 6086 39 32 de
1778 6089 28 30 la
1820 6092 102 28 marée
1931 6091 53 37 qui
1998 6097 105 27 monte
2117 6102 53 22 sur
2184 6096 44 32 les
2242 6098 109 37 plagea

1600 6128 174 33 bralonnss.

1638 6176 44 33 Ce
1697 6180 81 31 bruit
1792 6181 84 30 avait
1890 6190 61 24 une
1967 6193 91 24 oanse
2070 6187 91 32 faoile
2176 6190 17 27 k
2207 6189 138 31 deviner,
2368 6176 1 44 i

1639 6217 43 32 Le
1694 6221 265 32 commissairedu
1968 6224 102 37 bagne
2080 6231 27 25 et
2115 6235 46 24 sas
2176 6229 172 32 nombreux

1599 6268 116 32 agents,
1731 6267 91 35 après
1838 6267 86 28 avoir
1938 6269 126 37 exploré
2076 6270 30 30 la
2122 6280 85 27 oour,
2233 6273 70 37 puis
2319 6274 31 31 le

1599 6307 105 31 rea-da
1719 6308 159 35 chaussé*,
1897 6311 70 37 puis
1983 6313 28 30 la
2029 6314 133 37 premier
2186 6318 97 35 étage,
2315 6326 33 24 re

1599 6353 236 34 rapprochaient
1851 6353 53 31 des
1918 6354 148 32 hauteurs
2079 6358 40 30 oû
2135 6360 27 30 le
2190 6358 107 40 fugitif
2311 6370 34 21 a-
2368 6347 1 51 I

1598 6393 63 31 vait
1675 6396 84 31 enfia
1776 6398 107 30 trouvé
1899 6406 41 22 on
1957 6400 90 31 asile.

1636 6436 202 34 Assurément
1854 6445 63 26 tout
1931 6443 28 31 la
1975 6445 113 31 monde
2099 6446 118 37 croyait
2230 6448 117 39 impos-
2368 6436 1 51 j

1597 6480 86 38 •ible,
1715 6484 256 33 matériellement
1998 6488 193 39 impossible,
2226 6501 59 28 que
2317 6494 27 30 le

1596 6531 97 53 jOiçit
1706 6537 33 22 se
1753 6529 46 31 fùi
1814 6529 118 40 réfugie
1946 6531 78 33 dans
2039 6535 32 31 la
2085 6542 137 25 citerne.
2245 6535 97 39 Mais,
2368 6529 1 56 j

2430 5062 38 20 en
2483 5054 126 30 matière
2622 5056 169 34 d'évasion,
2811 5067 150 26 personne
2972 5059 139 39 n'ignora
3122 5070 59 28 que

2425 5095 35 31 J'i
2467 5106 27 19 m
2502 5098 172 35 possibilité
2687 5099 123 31 devient
2822 5102 255 31 vraisemblable.

2467 5139 90 31 Nous
2570 5150 117 22 tenons
2702 5143 69 31 d'en
2787 5145 118 31 donner
2922 5145 39 31 ici
2989 5156 61 22 une
3066 5157 115 28 preuve

2426 5184 39 31 de
2481 5184 84 38 plus.

2465 5226 46 31 Le
2525 5229 216 32 commissaire
2757 5230 41 31 du
2823 5232 109 37 bagne,
2961 5235 126 31 homme
3116 5238 40 28 mé-

2426 5270 149 39 thodique
2589 5278 27 24 et
2633 5281 151 31 poussant
2798 5276 145 39 jusqu'au
2961 5280 85 35 point
3065 5281 25 27 le
3105 5282 70 34 plus

2420 5316 138 35 exagéré
2574 5317 28 28 le
2617 5321 119 33 respect
2752 5319 39 30 de
2806 5328 46 21 tes
2869 5321 133 35 devoirs,
3033 5322 143 38 dirigeait

2425 5357 161 30 d'ailleurs
2602 5361 44 28 les
2659 5361 180 31 recherches
2854 5373 76 27 pour
2944 5366 128 38 l'acquit
3087 5367 37 30 de
3141 5376 35 20 sa

2420 5402 196 35 oonscienca,
2635 5412 72 21 sans
2722 5406 100 35 grand
2836 5408 104 35 espoir
2968 5409 38 30 da
3034 5411 137 34 résultat,

2421 5445 79 31 mais
2515 5447 117 30 certain
2646 5447 41 31 du
2702 5450 103 28 moins
2822 5450 77 37 qu'il
2929 5460 39 22 ne
2983 5453 124 31 mériter
3118 5463 38 21 au-

2421 5497 61 22 cun
2498 5491 161 35 reproohe,
2674 5494 27 27 et
2731 5491 76 39 qu'il
2831 5502 39 22 ne
2898 5494 63 31 l'en
2988 5497 185 32 adresserait

2421 5542 54 28 pas
2492 5535 18 27 k
2524 5535 171 31 lui-même.

2460 5576 178 37 Vaubaron,
2655 5578 169 31 entendant
2835 5582 116 35 gronir
2961 5587 30 27 al
3001 5593 32 22 te
3047 5594 106 27 rappro-

2420 5620 72 30 cher
2507 5622 45 30 lei
2569 5629 141 24 rumeuri
2726 5631 59 28 q«e
2800 5633 78 21 noui
2893 5634 97 22 avoni
3005 5628 163 37 signalées,

2418 5665 113 30 sentait
2548 5667 133 31 renaître
2711 5675 46 21 tes
2786 5667 196 38 inquiétudes
3007 5680 39 21 on
3072 5672 98 38 plutôt

2418 5712 51 26 ses
2485 5708 170 37 angoisses,
2672 5714 28 26 el
2715 5714 64 27 tout
2797 5712 66 35 bas,
2878 5712 28 31 le
2933 5721 86 24 coaur
3045 5725 107 30 oppres-

2420 5752 45 34 sé,
2484 5752 21 30 il
2522 5760 32 21 se
2567 5752 182 33 demandait
2764 5765 7 19 :

2511 5794 66 35 Que
2593 5805 32 21 se
2642 5799 155 35 paszeTil
2811 5797 17 31 ?
2844 5804 176 32 queva-t-il
3035 5804 102 32 ariver
3151 5804 17 30 ?

2454 5837 46 31 La
2518 5842 129 35 réponse
2657 5843 18 27 à
2692 5849 74 24 celte
2781 5843 115 30 double
2911 5848 141 33 question
3067 5856 40 22 ne
3135 5857 31 24 se

2412 5880 35 32 fit
2465 5890 57 30 pas
2537 5883 176 39 longtempi
2731 5887 150 30 attendre.

2452 5926 157 32 L'éohelle
2626 5928 37 32 de
2678 5931 141 30 meunier
2833 5940 126 28 craqua,
2983 5934 102 35 prêtre
3100 5936 18 28 à
3135 5946 31 21 te

2413 5976 133 30 rompre,
2565 5980 73 20 sous
2654 5973 28 30 le
2706 5973 90 38 poids
2813 5974 124 32 insolite
2961 5974 76 38 qu'il
3063 5979 103 31 fallait

2411 6017 115 33 porter.

2451 6057 45 30 La
2511 6060 85 33 porte
2610 6058 43 30 du
2668 6060 124 35 grenier
2816 6061 126 30 s'onvril
2955 6072 7 25 ;
2981 6063 44 30 les
3041 6065 122 31 terohes

2408 6104 189 34 envoyèrent
2633 6104 100 34 parmi
2779 6106 294 31 lenobevêiremenl
3109 6110 54 30 des

2408 6143 185 39 oharpentes
2609 6146 81 30 leurs
2707 6145 151 41 brusques
2875 6156 242 33 rayonnements
3133 6157 30 27 et

2408 6188 81 31 leurs
2505 6189 71 30 flots
2591 6189 38 31 de
2646 6189 102 32 fumée
2764 6195 167 31 résineuse.

2448 6226 201 45 Épeuvantis
2666 6242 56 30 par
2737 6240 77 27 celte
2830 6237 152 37 invasion,
2996 6240 43 30 les
3052 6239 93 34 batail-

2407 6280 69 27 lons
2492 6276 38 30 de
2544 6280 63 26 rais
2622 6278 183 32 s'enfuirent
2817 6289 39 22 en
2870 6287 150 32 paussanl
3033 6283 52 31 des
3098 6285 61 31 oris

2407 6319 38 32 de
2459 6319 126 39 frayeur
2600 6324 30 28 el
2642 6321 39 31 de
2707 6324 99 31 eolire
2835 6330 28 27 el
2889 6326 197 39 disparurent
3116 6338 40 21 au

2407 6365 66 30 sein
2489 6365 39 31 de
2542 6365 83 31 lenrs
2642 6367 189 37 poudreuses
2848 6371 150 32 retraites.

2446 6407 235 37 Commissaire,
2709 6417 118 31 ageats,
2850 6415 305 38 gsrdes-chiorrm»,

2406 6452 195 38 pénétrèrent
2629 6452 78 31 dans
2735 6456 30 28 le
2779 6463 123 30 grenier
2930 6462 30 27 el
2987 6462 170 28 arrivèrent

2407 6496 115 28 bientôt
2536 6506 70 19 sous
2622 6496 30 30 la
2668 6502 106 32 poutre
2790 6498 54 38 qui
2861 6504 174 34 supportait
3050 6504 27 31 le
3093 6506 63 28 mê-
3178 6496 2 43 ;

2406 6541 141 30 cuticiea
2563 6541 176 30 tremblant.

3274 5065 162 33 Plusieurs
3462 5070 116 31 d'entre
3605 5080 59 21 eox
3686 5073 136 32 levèrent
3849 5080 31 26 la
3907 5079 27 27 lê
3948 5088 32 25 e,

3231 5117 73 22 •ans
3333 5119 31 21 se
3379 5112 110 31 douter
3503 5122 59 28 que
3579 5115 79 31 celui
3673 5119 92 35 qu'ils
3781 5119 202 33 cherchaient

3206 5152 2 39 .
3230 5152 45 31 fût
3291 5154 83 30 aussi
3392 5157 69 34 près
3476 5157 103 31 d'eux.

3206 5196 5 46 $
3320 5197 44 30 Ils
3393 5204 72 26 vont
3490 5203 149 30 entendre
3661 5204 44 31 les
3732 5206 185 33 battements
3943 5210 38 32 de

3206 5236 2 45 |
3229 5249 72 21 mon
3318 5250 85 22 cœur
3416 5242 7 31 1
3441 5252 31 22 se
3488 5245 93 31 disait
3596 5248 181 33 Vaubaron.

3206 5283 1 45 ;
3268 5284 26 30 Il
3309 5294 20 28 y
3344 5291 51 24 eut
3411 5296 40 21 uu
3469 5296 137 25 ruomoni
3621 5291 38 30 où
3691 5295 28 27 la
3733 5295 90 31 iueui'
3847 5297 53 31 des
3917 5302 61 26 lor-
3993 5283 1 45 I

3206 5328 1 45 ,
3227 5328 72 30 ohes
3315 5330 117 37 projeta
3448 5339 105 24 contre
3582 5335 31 28 la
3630 5340 155 33 muraille,
3809 5348 37 20 en
3874 5342 99 30 même

3206 5372 1 54 |
3227 5374 99 34 temps
3339 5381 59 30 que
3413 5373 128 33 l'ombre
3555 5378 38 30 de
3609 5379 30 28 la
3653 5386 117 32 poutre,
3785 5383 30 28 la
3828 5383 131 31 siihoaal-

3206 5409 1 48 !
3226 5419 28 25 le
3269 5417 216 34 parfaitement
3501 5420 145 33 distincte
3671 5426 37 28 de
3728 5426 148 32 l'homme
3891 5430 66 28 éten-

3206 5457 1 40 ;
3224 5457 41 31 du
3282 5469 51 20 sur
3350 5465 77 26 cette
3444 5466 117 31 poutre.

3265 5502 248 34 Heureusement
3528 5509 45 27 les
3598 5510 125 38 regards
3738 5520 38 22 ne
3793 5522 31 21 se
3843 5517 109 28 tournè-

3223 5552 65 24 rent
3309 5548 84 35 point
3410 5549 37 30 de
3462 5558 34 21 ce
3509 5552 78 35 côté,
3613 5561 28 22 et
3659 5563 149 28 personne
3826 5565 38 21 ne
3880 5558 44 31 vil
3940 5569 32 21 se

3222 5588 138 33 dessiner
3376 5600 52 21 sur
3444 5595 26 28 le
3487 5602 70 24 mur
3570 5606 50 22 cas
3635 5598 97 37 lignes
3761 5602 208 32 révélatrices.

3261 5633 104 34 Eufia,
3384 5637 89 35 aprèi
3488 5641 70 35 oinq
3574 5649 39 20 eu
3630 5642 47 30 six
3693 5643 135 30 minutes
3843 5647 52 35 qui
3914 5655 35 28 pa-

3221 5685 103 22 rurent
3334 5686 39 21 au
3391 5681 191 32 méoanioien
3607 5686 128 37 longues
3764 5695 123 24 comme
3915 5692 52 30 des

3219 5724 124 32 années,
3360 5724 31 28 la
3405 5724 91 33 visite
3509 5726 224 39 d'exploration
3758 5737 51 25 eut
3833 5743 41 22 un
3906 5739 45 26 ter-

3219 5773 59 21 me.

3257 5809 200 33 Dîoidémenl
3493 5822 34 22 ce
3560 5816 163 32 misérable
3758 5818 77 32 n'est
3879 5822 73 37 poin

3216 5856 78 30 dans
3307 5855 31 27 la
3352 5862 126 24 caserne
3495 5856 7 30 1
3516 5857 45 31 dit
3576 5861 30 28 le
3620 5862 216 32 commissaire
3854 5875 7 25 ;
3885 5869 78 26 mais

3215 5897 22 30 il
3252 5906 38 22 ne
3306 5898 115 30 saurait
3435 5900 63 31 être
3514 5902 63 31 loin
3594 5902 6 30 I
3615 5902 54 37 Or,
3687 5904 113 32 l'ordre
3815 5915 46 24 en
3887 5909 54 31 don-

3215 5942 56 30 née
3286 5941 37 30 de
3339 5946 116 32 mettre,
3470 5946 52 27 dès
3539 5947 30 28 le
3583 5949 86 34 point
3680 5948 43 31 du
3751 5952 80 35 jour,
3850 5954 28 28 le
3895 5959 65 32 porl

3215 5993 38 22 en
3269 5986 139 34 bivouao,
3424 5987 33 31 et
3470 5988 28 37 ja
3515 5991 132 35 réponds
3664 5993 146 35 qu'avant
3834 5996 124 31 demain

3215 6032 60 31 soir
3291 6033 28 30 le
3333 6032 132 35 brigand
3489 6043 66 22 sera
3570 6037 38 31 da
3638 6045 100 26 retour
3765 6051 39 20 au
3834 6043 98 38 bsgne
3948 6043 7 30 I

3254 6077 50 30 Un
3319 6085 157 22 murmure
3500 6079 159 33 afflrmatif
3687 6089 28 26 et
3745 6085 129 31 laudalif
3905 6097 34 20 ac-

3214 6120 117 30 cueillit
3343 6130 50 20 oes
3410 6123 130 35 paroles,
3552 6130 30 25 et
3614 6126 32 30 la
3676 6128 99 33 bande
3803 6130 39 31 de
3868 6130 69 32 cher-

3213 6164 110 31 oheuri
3339 6165 98 37 quitta
3452 6167 30 32 le
3495 6169 133 35 grenier.

3559 6267 41 31 VI

3249 6337 89 31 Nous
3359 6339 183 32 étonnerons
3572 6352 72 21 sans
3672 6345 92 30 doute
3794 6345 159 41 beaucoup

3209 6390 56 21 nos
3281 6383 129 30 lecteurs
3425 6391 38 21 en
3481 6386 64 28 leur
3555 6386 104 32 disant
3672 6389 280 40 qa'aussiiôlapréi

3209 6424 27 30 le
3252 6425 107 37 dépari
3386 6425 43 31 du
3457 6430 214 32 commissaire
3696 6436 28 26 et
3750 6432 52 30 des
3830 6439 119 33 agents,

3209 6468 176 34 Vaubaron,
3403 6471 137 37 toujours
3555 6476 111 30 étendu
3691 6483 52 21 snr
3772 6477 30 30 la
3833 6483 116 32 poutre,

3208 6510 177 33 s'endormil
3403 6514 72 31 d'an
3506 6520 141 28 sommeil
3676 6520 99 35 lourd,
3803 6522 53 38 qui
3887 6531 60 27 rer

3208 6553 143 33 seaab.ail
3365 6556 17 28 à
3398 6563 41 22 un
3455 6557 279 35 évanouissement,
3973 6567 12 25 i

4081 5093 79 33 Rien
4176 5095 37 31 de
4231 5099 67 35 plus
4315 5104 130 32 naturel,
4463 5112 37 22 en
4518 5108 104 30 réalité
4661 5119 60 27 qaa
4747 5122 35 20 es

4038 5139 141 30 toaimeil
4195 5140 26 28 si
4247 5144 124 38 étrange
4397 5154 38 22 en
4459 5157 183 28 apparence,
4671 5159 28 25 et
4728 5165 52 28 qui

4037 5190 18 20 n
4068 5183 72 27 était
4159 5184 85 34 poial
4259 5185 26 32 le
4300 5191 172 37 aympiôae
4488 5193 73 30 d'un
4591 5198 172 32 invraisem-

4037 5224 99 32 blable
4149 5225 167 40 hiroïsmu,

4072 5268 45 30 La
4133 5276 109 26 nature
4257 5277 152 34 reprenait
4434 5277 272 40 violorieuseaatDt
4735 5297 48 24 tes

4033 5311 106 35 droits,
4159 5315 84 31 voilà
4259 5322 76 25 loui.

4071 5355 165 34 Vaubaron
4254 5362 100 28 venait
4381 5363 39 30 da
4442 5365 86 37 f»ire,
4556 5376 37 21 en
4622 5379 152 33 quelques

4031 5400 119 35 heure»,
4168 5411 60 21 uue
4243 5404 132 37 dépense
4390 5407 38 30 da
4443 5408 83 31 fores
4538 5413 175 39 effrayante
4737 5426 31 25 et

4031 5451 76 28 pour
4122 5444 81 31 aiasi
4226 5445 76 38 dire,
4319 5452 217 39 surhumaine,

4069 5486 77 31 Sou»
4159 5490 44 27 les
4230 5498 94 31 coups
4349 5493 144 38 d'éperon
4509 5499 41 31 da
4578 5504 90 34 péril,
4703 5516 74 21 soj*

4029 5530 41 31 les
4087 5532 180 31 excitations
4296 5536 189 34 incessantaa
4514 5544 37 30 de
4581 5548 31 27 la
4636 5550 126 32 -volonté

4028 5582 46 21 sas
4089 5576 132 31 muscles
4234 5582 28 26 el
4274 5588 46 21 ses
4335 5582 84 31 nerfs
4449 5587 124 32 avaient
4592 5589 184 38 fouctionnê

4024 5619 146 40 jusqu'au
4185 5619 87 33 bout.

4064 5660 193 35 Maintenant
4270 5674 59 31 que
4345 5669 27 31 le
4387 5670 117 40 danger
4530 5676 105 32 taisait
4662 5682 83 31 trèr»

4024 5712 190 27 maintenant
4231 5719 58 28 que
4300 5713 28 28 la
4346 5715 122 32 volonté
4483 5727 31 22 se
4530 5721 113 37 taisait,
4658 5707 98 54 l'orgà-

4022 5748 133 33 nisation
4172 5757 63 27 tout
4248 5758 115 31 entière
4378 5759 41 31 da
4433 5760 107 38 fugitif
4550 5767 149 31 subissait
4713 5776 48 25 cal

4019 5796 261 34 anéantissement
4291 5810 197 26 momentané
4502 5812 28 25 et
4546 5817 129 25 souvent
4691 5815 59 31 irré-

4018 5837 118 32 sistible
4150 5842 53 35 qui
4220 5850 31 22 te
4265 5852 126 24 nomme
4406 5849 27 28 le
4447 5854 156 28 sommeil.

4056 5880 96 34 Eatre
4167 5885 30 28 la
4211 5885 98 32 hacha
4320 5894 27 25 el
4362 5890 28 30 la
4407 5891 97 35 billoi,
4524 5895 167 35 Vaobaroo
4707 5909 65 25 a«-

4016 5931 58 22 ran
4089 5927 99 31 dormi
4206 5929 46 34 !...
4271 5929 25 31 Il
4309 5934 100 31 aurait
4426 5937 99 30 dormi
4541 5948 52 22 sur
4611 5943 43 30 le*
4683 5949 84 28 rails

4015 5968 19 28 d
4048 5978 59 22 ace
4121 5973 65 28 vois
4201 5973 104 37 ferrée,
4324 5986 37 20 ou
4384 5987 71 22 sont
4472 5981 30 30 la
4513 5987 112 32 gueula
4643 5992 86 32 p'éte
4744 5994 18 27 i

4015 6012 74 31 faire
4101 6014 50 31 feu
4165 6017 72 32 d'un
4250 6026 98 25 oanan
4361 6022 112 38 chargé
4485 6027 17 26 à
4515 6030 163 32 mitrailla.

4054 6056 24 30 II
4095 6064 44 24 iut
4168 6063 136 34 réveillé,
4335 6065 91 31 d'une
4450 6067 90 37 façon
4572 6072 135 40 hratque
4734 6084 34 25 el

4012 6100 202 39 violente,car
4226 6115 43 22 an
4279 6106 81 31 bruil
4374 6109 25 30 ai
4411 6110 187 38 formidable
4605 6122 31 28 et
4652 6120 26 30 si
4694 6130 54 30 rap-

4011 6145 115 37 proché
4146 6157 70 30 que,
4246 6150 76 31 dam
4338 6161 56 22 ton
4411 6157 132 33 premier
4571 6168 139 28 vomant
4724 6170 40 30 de

4010 6189 128 38 trouble,
4154 6194 21 30 il
4191 6197 66 26 orut
4271 6203 59 30 que
4343 6197 31 30 la
4383 6197 170 40 charpente
4567 6207 177 34 a'éoroulaii

4049 6233 43 33 Le
4107 6235 86 38 point
4207 6236 40 31 du
4257 6237 70 37 jour
4339 6241 73 31 était
4426 6244 113 39 erriTi,
4557 6256 31 24 at
4616 6253 32 28 le
4674 6262 81 27 eoup

4009 6276 39 33 de
4064 6287 98 25 canon
4178 6280 38 33 de
4228 6281 32 31 la
4289 6283 92 33 diaoe
4404 6292 103 28 venait
4541 6293 39 33 de
4615 6300 144 31 retentir.

4064 6344 9 14 4
4152 6351 7 7 »
4178 6344 4 21 ■
4572 6344 5 21 ,
4597 6352 13 7 „•
4667 6352 6 13 ;
4735 6345 37 18 *fT
4783 6344 1 21 '

4570 6482 28 33 A
4618 6494 47 21 4M
4667 6494 51 21 vrt
