4996 6817
1070 85 2896 464 L'Onesl-Éclair

337 383 84 129 5
504 370 46 90 >

233 541 318 61 centimes^

4487 361 31 32 '
4598 361 208 152 5^

4493 542 313 64 centimes;

1735 609 346 57 JOURNAL
2159 608 411 66 QUOTIDIEN
2655 608 640 57 D'INFORMATIONS

1233 731 671 70 DERNIERS
1968 720 980 79 TÉLÉGRAMMES
3012 732 171 67 DE
3248 730 174 71 LA
3480 733 322 72 NUIT

1499 860 400 41 HENNES
2023 859 65 50 4,
2127 861 158 39 Ru©
2321 861 85 40 <s©
2440 862 64 39 la
2542 860 354 48 Obalotais,
2934 856 50 41 4
3107 862 402 40 RENNES

3542 900 380 58 TÉLÉPHONE

158 850 45 46 S*
228 850 174 48 Année.
433 852 56 46 N*
527 852 84 48 831

4481 836 221 44 Samedi

4338 905 45 34 23
4413 902 269 39 NOVEMBRE
4707 909 83 39 190]

333 1003 477 46 ÀBONIIEMENTS
835 1024 11 27 :
1135 1006 123 31 Mn
1284 1006 47 38 «ai
1358 1012 128 22 «»«m
1507 1004 27 31 U
1560 1000 154 43 ilkutu»
1734 1006 60 28 toit
1817 1003 56 33 îtst
1893 1002 110 33 atomf
2688 1048 32 14 „
2843 1048 22 4 _
2922 1046 41 15 TT
3077 1020 54 38 ?t»
3162 1020 107 38 gtttni
3300 1030 57 20 «on
3385 1020 162 39 Effwnrfriti
3578 1023 63 28 sont
3672 1022 21 31 ri
3698 1030 14 30 9
3718 1025 185 27 »n«ists!
4061 1004 164 38 TARIF
4258 1009 109 38 DES
4403 1012 340 39 INSERTIONS
4768 1026 13 26 !

709 1067 69 22 </»<*
833 1068 94 24 tlxHolt
941 1069 120 22 TrotlKalt
1095 1064 14 19 *
1131 1055 48 38 15'
1202 1054 26 32 I*
2059 1049 307 39 j£MMA.XUEIi
2398 1049 322 40 DESUcREEIS
2747 1056 71 35 DU
2843 1049 118 40 L.OU
3038 1072 130 31 ttfuictl.
3969 1054 196 32 ANNONC2H
4452 1058 66 33 30
4533 1071 181 24 CENTIMES
4729 1074 43 22 LA
4785 1074 107 25 LIONS

118 1102 293 32 DÉPARTEMENTS
424 1106 248 28 LIMITROPHES
698 1103 96 32 20f.
842 1104 17 28 1
869 1104 27 30 2
908 1104 25 30 (.
976 1106 64 32 61.
1135 1103 73 28 fout
1245 1111 27 19 u
1305 1102 48 37 qui
1388 1109 131 24 mitmt
1553 1102 267 33 rfttorißiihstitß
1852 1101 60 32 fcrit
1948 1098 56 33 Itn
2268 1120 30 22 r
2297 1122 26 20 M
2601 1123 9 19 ,
2648 1123 44 19 <RR
2693 1129 27 13 „
2730 1130 17 12 N
3161 1091 6 11 '
3467 1133 12 9 ,
3496 1133 12 9 ,
3970 1093 188 32 RÉCLAMES
4454 1094 66 37 50

118 1153 145 24 AUTKU
282 1149 386 31 DÉPARTEMENT.....
694 1148 58 28 24
842 1148 157 37 14,7
1093 1150 110 30 atotitt
1225 1147 85 40 I».
1332 1149 276 32 ratotmiitnleur.
2541 1128 213 30 pomiqu®
3076 1134 56 39 GTI
3152 1135 167 28 nremiKtttf
3340 1143 57 21 NRO
3416 1133 105 33 TEIFCFI
3541 1143 34 22 BÎ
3596 1136 65 30 «NT
3751 1137 113 32 TEIDA».
3971 1133 100 28 FA.TS
4089 1134 131 30 DIVERS
4504 1137 12 32 1
4538 1142 119 30 FRANC
4798 1153 38 9 -

1061 1189 6 7 •
1071 1169 2 43 '
1357 1169 28 20 *
3933 1169 6 35 !
4110 1176 50 25 ON
4194 1178 141 28 TRAITE
4367 1181 107 27 AUSSI
4507 1183 27 26 A
4567 1183 163 28 FORFAIT

143 1277 69 41 Lire
233 1283 18 35 à
272 1283 87 35 «olr*
379 1279 35 40 3'
435 1289 80 38 p»ge
542 1280 47 39 les
612 1278 164 41 Nosveiles
800 1280 38 39 de
856 1280 25 39 I»

216 1355 322 70 DERNIERE
600 1357 210 67 HEURE

2548 1279 45 27 lie
2607 1283 28 24 el
2650 1276 215 38 l'Aogleterre.
2883 1277 234 38 L'Allemagne,
3133 1279 115 30 l'ltalie
3263 1284 27 25 el

2546 1317 172 30 l'Auiriche
2733 1325 39 21 en
2786 1320 53 26 ont
2851 1316 141 31 chicane
3005 1326 41 20 an
3063 1318 74 28 seal.

172 1512 40 89 â
276 1496 567 111 L'ACADÉMIE

137 1659 53 30 Le
210 1659 177 31 discours
411 1662 46 27 de
478 1663 46 28 M.
548 1662 46 28 de
618 1662 98 37 Mua,
739 1671 69 20 kar
828 1662 57 31 les

367 1709 87 34 prix
478 1707 47 27 de
544 1711 110 24 vertu

171 1794 22 27 L
206 1794 155 27 Aoaiémie
372 1794 141 33 française
527 1802 15 19 a
556 1799 67 22 tenu
640 1795 78 33 jeudi
745 1804 31 19 *•
802 1798 63 25 «éan-

137 1838 28 19 o«
184 1832 135 33 paOUqoe
508 1838 64 19 sou»
600 1833 28 25 la
657 1832 162 32 présidenae
844 1832 37 25 da

137 1873 31 18 eu
172 1871 56 20 aii
243 1866 103 26 Albert
361 1865 32 26 d«
415 1864 84 31 Mon,
529 1872 48 19 ion
608 1866 151 32 directeur,
788 1865 50 35 4ai
866 1873 17 19 •

137 1903 52 25 lui
209 1903 25 26 la
249 1904 115 30 rapport
379 1907 48 19 sur
443 1902 40 25 In
501 1900 63 33 prix
579 1900 33 26 da
630 1904 91 24 varia.

170 1936 124 27 Deoelte
312 1936 172 33 magoitique
502 1943 67 26 pag«
585 1936 180 34 d'tlrqaeaoe
781 1936 48 34 qnl
861 1944 15 18 a

137 1977 65 21 raie
220 1975 15 22 *
262 1970 137 28 l'illustre
426 1975 112 22 orateur
562 1971 14 25 d
591 1972 208 26 antboaitaatei
829 1980 34 22 ap-

136 2007 242 34 plaudinamaatt
406 2013 72 20 EOUI
504 2007 185 27 détacherons
713 2008 27 26 la
768 2015 113 26 passage

137 2043 117 25 »ni*aol
270 2043 67 24 doat
357 2049 47 18 no»
432 2043 120 24 lecteurs
581 2044 117 24 sauront
724 2041 155 35 apprécier,

135 2085 71 19 noua
222 2078 63 25 d'kd
301 2076 120 27 doutoni
437 2085 60 26 pu,
511 2080 77 24 toute
605 2078 28 26 la
647 2076 100 28 beauté
777 2081 27 22 et
829 2078 51 34 qui

133 2115 41 22 iek
189 2112 170 26 intéressera
373 2112 129 26 d'autaat
522 2113 61 32 plat
600 2112 149 27 rircment
775 2113 69 33 qu'il
861 2120 19 25 y

135 2152 40 19 ««»
204 2146 131 34 qaaitioa
366 2154 35 19 aa
430 2145 86 30 débat
546 2147 34 26 de
613 2148 156 33 l'héreïqu»
798 2152 81 22 vertu

133 2183 84 26 d'une
235 2184 132 25 bretoane
383 2189 8 20 :

178 2257 198 38 Messieurs,
399 2267 39 24 ce
451 2257 60 43 qui
528 2267 54 25 me
604 2258 119 41 frappe
738 2261 141 30 surtout

133 2303 84 32 dans
239 2302 145 33 l'œuvre
403 2311 67 32 que
489 2311 87 22 sous
596 2302 278 41 accomplissons,

132 2356 38 24 ce
190 2347 61 41 qui
272 2348 50 32 lui
338 2347 112 32 donne
467 2355 37 22 sa
523 2346 78 41 plus
632 2347 105 32 haute
757 2348 119 38 portée

131 2391 137 37 sociale,
287 2399 39 25 ce
344 2388 87 35 n'est
451 2399 61 33 pas
534 2389 181 43 l'exemple
748 2391 48 32 du
815 2391 43 33 dé-

132 2438 187 28 vouement
326 2433 248 43 atl'hammage
582 2434 109 32 rendu
699 2438 18 28 a
725 2432 31 34 la
763 2438 111 34 vertu,

132 2478 83 32 c'est
235 2477 181 44 l'exemple
436 2478 41 32 de
498 2478 31 32 la
548 2478 124 33 misère
698 2480 34 31 et
752 2477 106 34 l'hom-

133 2530 99 30 mage
243 2522 110 33 rendu
373 2525 19 30 a
412 2520 32 34 la
463 2522 206 33 souffrance.

176 2564 119 44 Voyez
307 2575 60 24 sur
381 2565 32 34 la
428 2565 100 33 lande
542 2567 43 32 de
604 2564 189 40 Quiberon,
809 2575 69 33 que

133 2608 145 34 hantent
298 2610 48 32 les
363 2609 180 34 souvenirs
576 2610 190 43 tragiques,
785 2614 92 30 cette

132 2654 109 41 petite
257 2654 143 39 maison,
425 2654 100 32 triste
549 2656 35 31 et
599 2662 92 34 grise
711 2654 85 33 dans
815 2663 61 24 son

132 2699 178 33 vêtement
331 2699 43 32 de
393 2699 116 41 granit
548 2707 9 24 :
580 2707 116 32 passez
729 2707 40 24 en
791 2707 86 24 vous

131 2743 182 35 courbant,
335 2741 33 33 la
387 2752 112 32 pierre
520 2745 80 30 usée
633 2743 47 32 du
715 2741 99 39 seuil,
841 2746 34 30 et

132 2786 161 43 regardez
312 2785 7 32 !
343 2784 71 35 Sur
433 2796 47 22 un
501 2786 60 32 des
583 2785 58 34 lits
661 2785 81 38 clos,
776 2789 20 31 à
815 2786 40 32 de-

132 2839 47 22 mi
201 2832 135 37 ouvert,
360 2841 46 22 un
422 2829 80 34 vieil
520 2830 138 33 homme
667 2835 52 28 est
731 2830 141 38 couché,

131 2874 189 39 immobile,
365 2874 189 43 enveloppé
601 2875 104 33 d'une
744 2883 130 33 pauvre

130 2921 209 30 couverture
356 2928 9 30 ;
386 2921 84 31 dans
485 2919 33 33 la
541 2920 105 32 haute
684 2919 189 39 cheminée,

130 2962 50 32 le*
197 2962 98 41 pieds
314 2966 119 30 contre
450 2961 32 34 la
500 2962 125 33 cendre
645 2963 144 38 chaude,
809 2973 66 22 une

130 3006 138 39 femme,
309 3006 47 33 les
394 3006 156 33 cheveux
591 3007 73 43 gris
704 3007 170 41 pendants

130 3050 81 33 horß
231 3051 43 32 de
293 3059 37 25 sa
343 3051 110 38 coiffe,
471 3053 52 31 est
539 3060 106 24 assise
659 3060 59 24 sur
738 3051 31 33 le
789 3051 86 33 banc

130 3094 47 31 du
198 3094 96 41 foyer
319 3104 9 24 :
351 3104 53 22 ses
441 3104 93 32 yeux
568 3097 184 39 regardent
788 3094 65 33 fixe-

131 3142 97 28 ment
255 3136 150 45 quelque
439 3138 102 33 chose
579 3138 207 38 d'invisible,
827 3142 45 35 et,

130 3182 104 33 d'une
254 3182 79 33 voix
347 3185 196 34 monotone,
563 3182 64 33 elle
644 3185 118 40 répète
785 3183 67 32 dou-

130 3228 135 31 cement
286 3226 30 33 le
335 3227 126 33 refrain
483 3227 104 33 d'une
606 3227 151 33 chanson
778 3228 43 32 de
841 3227 33 33 la

130 3279 73 24 mer
222 3279 13 22 ;
254 3280 61 22 sur
335 3269 31 34 le
385 3270 110 41 grand
523 3270 123 39 bahut,
685 3272 91 33 deux
814 3280 40 25 en-

130 3314 91 32 fants
242 3314 91 41 pâles
367 3318 165 40 mangent
567 3314 189 34 silencieux
789 3315 85 32 dans

129 3367 67 24 une
215 3358 130 33 écuelle
365 3359 43 32 de
423 3358 86 39 bois,
529 3361 37 31 et
580 3358 85 34 celle
685 3358 60 44 qui
778 3359 96 32 vient

129 3402 58 41 dy
208 3411 117 25 verser
345 3412 46 24 un
412 3412 66 32 peu
498 3404 43 32 de
570 3403 73 39 lait,
678 3406 46 30 où
763 3405 86 31 trem-

128 3449 85 39 pent
246 3445 48 34 les
337 3456 185 25 marceaux
561 3448 180 33 désséchés
771 3446 103 33 d'are

246 3490 41 33 de
302 3489 159 40 blé-noir,
491 3494 144 40 prépare
658 3491 216 33 maintenant

126 3534 31 33 le
178 3535 130 41 maigre
328 3544 126 32 souper
491 3536 48 31 du
574 3535 104 33 vieux
717 3539 34 28 et
780 3537 43 31 de
842 3535 32 33 la

125 3578 118 33 vieille
263 3586 11 25 :
294 3587 61 24 son
377 3580 117 41 visage
509 3582 52 28 est
574 3587 117 34 grave,
715 3579 109 33 calme
840 3581 33 31 et

125 3620 184 45 pacifique.
350 3620 93 35 C'est
494 3621 196 44 Véronique
729 3621 141 40 Madec,

125 3665 66 33 aile
210 3676 19 21 a
246 3666 187 43 cinquante
452 3677 72 22 ans.

170 3709 124 37 Quand
308 3710 66 33 elle
390 3720 41 22 en
450 3711 93 33 avait
565 3711 117 38 treize,
716 3722 35 22 sa
777 3713 93 31 mère

126 3756 61 40 qui
208 3756 52 31 est
280 3754 43 39 là,
350 3756 78 39 près
448 3756 46 32 du
527 3756 69 39 feu,
627 3757 53 31 est
716 3756 155 32 devenue

126 3797 92 39 folle,
241 3796 104 35 d'une
359 3798 79 33 folie
451 3800 110 33 douce
599 3802 34 31 et
663 3800 178 33 incurable
862 3809 9 31 ;

126 3852 148 33 preaque
300 3842 162 35 aussitôt,
483 3854 59 22 son
566 3846 78 39 père
681 3844 79 31 s'est
794 3854 60 22 cou-

125 3886 76 39 ché,
224 3886 148 39 infirme,
397 3896 86 32 pour
500 3887 31 33 la
549 3887 56 34 vie
621 3896 8 24 :
651 3886 66 35 elle
736 3891 52 30 est
806 3898 51 24 res-

126 3933 54 31 tée
215 3932 93 32 seule
334 3934 98 31 entre
469 3941 66 24 eux
566 3933 102 37 deux,
691 3941 83 24 avec
807 3943 67 24 uno

126 3976 110 41 petits
256 3984 94 24 loour
372 3976 124 41 qu'elle
516 3977 81 33 s'est
618 3978 86 32 mise
723 3980 19 30 a
761 3977 113 33 élever

126 4023 78 28 tout
224 4030 41 21 <n
287 4019 161 43 soignant
482 4030 52 22 ses
554 4023 150 40 parents.
729 4019 32 34 A
794 4020 60 33 dix-

125 4062 79 33 huit
216 4072 72 27 ans,
317 4062 142 34 l'enfant
472 4064 81 32 s'est
575 4065 129 32 mariée
728 4075 9 28 ;
770 4063 65 34 elle
854 4075 20 22 a

131 4108 129 40 épousé
280 4116 46 24 un
346 4108 111 33 marin
475 4116 9 25 :
519 4108 83 33 c'est
639 4108 32 33 2a
690 4108 154 33 destinée
861 4108 7 33 1

129 4150 116 43 quand
266 4150 41 33 ils
326 4152 152 33 arrivent
497 4161 44 24 au
570 4161 85 33 pays
692 4161 83 25 avec
798 4152 76 34 leur

126 4195 110 41 grand
249 4193 53 34 col
326 4194 93 39 bleu,
442 4205 54 22 ces
527 4199 171 35 matelots,
733 4195 43 34 ils
814 4199 59 31 ont

130 4239 131 32 bieniôt
276 4238 63 33 fait
360 4239 41 32 de
417 4247 130 34 gagner
567 4238 31 34 le
608 4250 97 24 cœur
724 4240 60 33 des
819 4239 39 34 fil-

129 4281 60 33 les.
208 4281 45 34 Et
274 4283 89 43 puis,
386 4292 46 24 un
456 4284 85 33 beau
574 4284 80 39 soir,
700 4294 46 22 un
784 4284 71 33 télé-

128 4335 156 34 gramme
304 4330 51 30 est
383 4336 90 25 venu
502 4328 41 33 de
580 4326 102 35 Brest
704 4333 6 28 !
744 4326 91 39 Quoi
854 4326 19 34 ?

129 4372 151 40 quelque
317 4371 118 32 drame
469 4371 40 32 de
546 4381 98 24 cœur
670 4375 17 30 ?
723 4374 150 41 quelque

130 4415 136 32 sombre
294 4415 143 32 histoire
457 4415 84 33 dans
580 4427 46 21 un
664 4416 137 33 cabaret
831 4419 41 30 de

130 4456 247 35 Recouvrance
404 4459 17 28 ?
457 4468 44 25 on
537 4469 43 24 ne
612 4460 66 33 sait
709 4469 59 33 pas
783 4465 6 27 !
824 4460 48 33 Le

130 4501 143 33 matelot
293 4502 113 33 s'était
423 4506 59 30 tué
502 4506 45 35 et,
561 4504 162 37 terrifiee,
745 4506 126 32 devant

130 4545 32 34 la
176 4556 99 32 carps
295 4547 47 31 du
359 4546 142 40 suicidé,
533 4558 37 22 sa
600 4548 137 38 femme,
772 4548 102 33 saisie

130 4598 61 34 par
211 4590 203 39 l'atavisme,
437 4593 19 31 à
469 4600 63 24 son
552 4593 80 31 tour
651 4592 86 33 était
764 4592 85 33 deve-

130 4643 69 24 nue
217 4632 92 34 folle.
333 4632 201 45 Véronique
544 4645 43 24 va
600 4636 32 33 la
644 4636 175 37 chercher,
841 4636 33 33 la

130 4681 137 30 ramène
287 4688 81 22 avec
387 4688 53 22 ses
461 4680 91 32 deux
567 4681 146 35 enfants,
737 4680 48 33 les
806 4681 52 32 ins-

130 4721 81 33 talle
230 4721 84 33 dans
343 4721 33 34 la
407 4722 144 38 maison,
574 4726 35 31 et
635 4722 33 34 la
698 4723 103 37 voilà,
841 4723 33 33 la

130 4766 253 38 malheureuse,
402 4767 99 32 toute
519 4766 94 33 seule
628 4776 41 24 en
686 4767 72 33 face
775 4768 41 31 de
835 4776 39 24 ce

130 4809 152 32 désastre
302 4809 59 32 dos
391 4811 103 37 siens,
516 4820 77 24 sans
627 4821 85 32 peur
746 4812 126 33 devant

130 4863 38 22 sa
187 4853 99 32 tâche
305 4852 175 34 indicible.
502 4853 59 34 Au
587 4856 111 32 moins
730 4854 143 34 a-t-elle

130 4898 119 40 épuisé
272 4897 168 33 l'horreur
455 4897 41 34 da
509 4909 37 22 sa
565 4898 56 33 vie
639 4899 17 31 ?
674 4898 99 34 Vous
789 4898 85 35 allez

130 4943 76 32 voir
222 4944 6 26 1
252 4938 56 37 Un
326 4939 80 44 jour
424 4941 65 34 elle
522 4946 52 28 est
593 4943 106 33 sortie
719 4954 47 22 un
803 4954 47 22 mo-

131 4988 107 35 ment,
259 4995 86 31 pour
366 4984 50 34 les
438 4985 93 33 soins
552 4988 47 32 du
619 4989 144 41 ménage
777 4997 12 30 ;
810 4988 64 33 elle

130 5031 129 35 rentre,
281 5039 38 22 sa
341 5039 96 22 sœur
456 5030 87 32 n'est
575 5041 60 32 pas
656 5034 19 31 à
706 5041 37 22 sa
780 5030 94 43 place

131 5073 172 33 •rdinaire
319 5081 11 25 :
350 5073 65 33 elle
430 5072 32 34 la
476 5073 145 34 cherche
637 5083 9 30 ;
670 5074 32 33 la
719 5078 98 40 porte
833 5074 43 33 de

131 5117 33 33 la
184 5117 109 41 petite
312 5125 130 34 grange
469 5120 52 31 est
554 5120 143 32 ouverte
718 5128 8 30 ;
759 5119 65 33 elle
853 5128 21 33 y

131 5171 54 27 va,
208 5171 37 22 sa
263 5170 96 22 sœur
378 5165 52 28 est
458 5160 44 38 là,
524 5163 136 41 pendue
680 5166 19 30 à
719 5165 31 30 la
787 5172 67 33 pou-

133 5209 51 27 tra
206 5215 9 28 ;
236 5204 31 33 le
287 5206 91 31 mort
393 5204 43 32 de
455 5204 100 33 Brest
575 5204 176 44 l'appelait
769 5215 9 25 :
800 5206 24 33 il
856 5217 20 24 a

132 5248 86 34 fallu
235 5248 126 43 qu'elle
381 5248 48 33 lui
446 5249 92 32 obéit
560 5251 6 31 I
586 5249 104 34 Voilà
709 5249 168 34 l'histoire

131 5291 44 33 de
187 5290 202 44 Véronique
409 5290 123 35 Madec
566 5291 93 35 Dans
685 5302 38 25 ce
743 5295 133 33 comble

131 5337 44 31 de
189 5336 136 37 misère,
343 5346 61 22 son
423 5344 148 34 courage
602 5337 57 33 n'a
694 5347 60 33 pas
790 5337 87 34 failli

133 5389 47 22 un
201 5379 73 33 seul
287 5380 91 41 jour.
404 5379 98 34 Nous
522 5389 104 24 avons
658 5385 220 40 récompensé

132 5434 61 22 son
228 5425 241 38 dévouement,
491 5425 86 33 mais
596 5425 63 43 qui
694 5426 116 41 paiera
841 5437 38 22 sa

133 5467 194 32 souffrance
346 5465 19 34 ?

177 5510 77 38 Que
285 5511 43 33 de
360 5511 76 39 foie,
464 5515 99 39 après
594 5522 54 24 ces
680 5515 120 32 séance
834 5516 45 32 où

132 5565 89 24 noua
254 5564 217 24 couronnons
504 5558 74 30 tant
612 5557 43 32 de
686 5557 105 33 belles
822 5568 38 24 ac-

135 5600 103 35 tions,
260 5608 67 33 que
356 5600 43 32 de
426 5600 65 32 foia
519 5600 57 41 j'ai
595 5601 152 32 entendu
774 5601 74 33 dire
868 5610 9 24 :

136 5654 17 20 c
175 5642 27 35 II
223 5642 61 34 fait
304 5642 67 33 bon
390 5642 97 33 vivre
507 5652 67 25 une
594 5643 105 34 heure
719 5654 81 24 avec
824 5654 56 24 ces

133 5691 94 30 &iaea
256 5688 206 40 généreuses
478 5689 7 30 I
516 5685 92 34 Leur
637 5689 156 41 exemple
826 5691 37 32 ré-

136 5731 155 33 conforte
321 5732 34 31 et
387 5730 137 33 console
556 5731 48 32 du
633 5731 158 34 malheur
821 5734 59 31 des

137 5779 112 37 tempa
267 5773 6 30 !
298 5784 17 21 »

180 5817 39 35 Je
237 5818 188 43 n'éprouve
444 5828 70 32 pas,
530 5822 110 39 quant
659 5822 20 31 à
693 5819 80 39 moi,
790 5822 91 32 cette

137 5864 109 32 douce
265 5864 35 31 et
319 5861 182 44 pacifiante
520 5863 164 39 émotion,
699 5863 87 35 mais
801 5864 79 33 bien

136 5907 129 45 piutdt,
276 5915 44 24 en
333 5915 79 24 mon
423 5908 76 31 Ame
509 5907 159 41 efirayén,
686 5916 46 25 un
745 5907 137 34 trouble

136 5950 159 44 profond.

181 5994 51 34 De
250 6004 38 24 ce
308 6002 164 25 monceau
493 5994 44 33 de
555 5994 163 33 douleura
738 6005 67 32 que
823 5994 58 44 j'ai

137 6040 174 35 retourné,
334 6047 87 32 pour
449 6048 43 22 en
523 6038 94 38 tirer,
648 6047 135 25 comme
814 6050 69 22 une

137 6083 104 43 loque
270 6083 44 32 de
343 6081 112 37 choix,
477 6081 33 33 la
528 6083 217 43 dramatique
776 6091 85 25 aven-

137 6130 80 28 ture
249 6126 41 32 de
319 6123 201 45 Véronique
552 6124 133 40 Madec,
717 6128 41 32 de
791 6129 91 31 cette

137 6168 209 37 lamentable
385 6168 110 34 cohue
535 6168 189 35 d'infirmeß
764 6172 35 31 et
840 6170 43 33 de

138 6216 185 34 miséreux,
345 6213 43 33 de
406 6213 211 43 rachitiques
645 6216 35 30 et
710 6215 41 32 de
784 6223 80 33 para-

138 6259 104 43 lysés,
269 6256 86 43 qu'il
389 6256 69 34 m'a
488 6259 85 32 fallu
598 6260 169 31 traverser
795 6267 87 34 pour

138 6302 98 33 venir
254 6300 139 44 juaqu'À
411 6311 97 28 voua,
534 6311 39 24 ce
604 6301 63 43 qui
698 6301 80 35 a'eat
808 6302 74 34 levé

139 6347 126 32 devant
304 6356 72 22 mea
412 6356 105 33 yeux,
554 6345 209 44 m'appelant
801 6356 81 25 avec

139 6399 70 25 uue
228 6389 187 34 invincible
432 6389 180 39 attirance,
634 6399 39 22 ce
705 6390 86 34 n'est
823 6399 59 34 pas

141 6433 193 34 seulement
365 6433 34 33 la
431 6433 196 33 troublante
647 6435 111 39 image
780 6435 41 32 de
852 6435 32 32 la

141 6480 178 40 pauvreté,
337 6476 84 33 dont
438 6476 33 34 la
489 6477 131 33 charité
640 6482 83 37 psut
742 6478 142 32 adoucir

141 6528 32 31 le
200 6522 100 35 triste
321 6521 136 44 regard,
477 6522 39 34 ai
534 6521 32 35 le
585 6526 135 39 spectre
745 6521 137 44 inquié-

944 1274 73 28 tant
1050 1272 41 31 de
1121 1271 158 44 l'inégale
1311 1274 164 38 destinée,
1499 1274 85 32 dont
1611 1274 63 32 l'es-

943 1315 76 41 poir
1048 1316 59 31 des
1144 1317 213 39 réparations
1390 1317 182 33 éternelles
1604 1320 85 39 peut

943 1359 133 40 apaiser
1096 1359 32 32 la
1148 1363 200 38 menaçante
1374 1359 175 34 obsession
1564 1370 8 30 ;
1605 1363 84 32 c'est

943 1411 46 24 un
1023 1407 151 39 mystère
1207 1406 78 40 plus
1313 1404 202 33 redoutable
1543 1409 35 28 et
1606 1406 80 41 plus

941 1447 157 41 profond,
1122 1456 56 25 car
1196 1448 61 33 nul
1277 1457 44 24 ne
1339 1457 35 24 se
1395 1453 85 37 peut
1499 1450 189 33 soustraire

940 1494 19 30 &
979 1500 60 24 son
1064 1492 149 33 étreinte
1233 1501 11 25 :
1271 1492 83 34 c'est
1380 1491 31 35 le
1442 1493 172 43 pourquoi
1645 1495 43 32 de

941 1534 32 33 la
998 1535 203 33 souffrance.

984 1578 99 35 Vous
1115 1589 97 25 savez
1245 1589 133 25 comme
1411 1591 43 24 en
1487 1580 94 45 parle
1616 1580 48 35 Mi-

940 1623 112 33 cbelet
1074 1632 9 25 :

985 1676 14 21 «
1023 1665 50 33 La
1091 1670 103 37 mort,
1217 1678 44 22 on
1281 1667 32 34 la
1331 1671 180 40 prendrait
1532 1680 123 25 encore
1676 1678 9 26 :

940 1715 98 28 notre
1074 1713 77 32 âme
1182 1713 155 33 contient
1370 1723 91 24 assez
1495 1716 43 31 de
1571 1715 47 33 foi
1651 1717 35 31 et

940 1755 217 41 d'espérance
1178 1766 87 32 pour
1285 1756 102 34 l'acce
1416 1761 52 30 ter
1486 1768 133 24 comme
1638 1769 48 22 un

940 1808 155 33 passage,
1130 1809 48 25 un
1217 1801 104 43 degré
1358 1802 223 37 d'initiation,
1618 1813 69 22 une

940 1846 97 38 porte
1065 1854 70 22 aux
1162 1845 143 33 mondes
1335 1846 185 34 meilleurs.
1546 1846 90 34 Mais
1657 1847 30 33 la

940 1887 157 39 douleur,
1121 1887 93 34 hélas
1228 1892 7 30 !
1257 1889 132 35 était-il
1421 1891 87 34 donc
1537 1891 30 34 ai
1599 1890 86 35 utile

940 1931 41 33 de
998 1931 32 33 la
1045 1933 188 41 prodiguer
1246 1932 17 33 ?
1285 1943 17 22 »

983 1975 57 34 Ab
1058 1976 7 31 !
1096 1977 84 41 qu'il
1200 1987 20 24 a
1238 1978 113 33 raison
1368 1977 6 28 I
1396 1977 69 40 Qui
1489 1989 90 24 nous
1598 1980 66 33 don-

939 2029 81 24 nera
1048 2021 43 33 de
1116 2022 226 41 comprendre
1369 2021 32 35 le
1427 2033 77 24 sens
1538 2024 145 41 profond

939 2063 41 33 de
999 2068 33 28 la
1051 2065 175 34 douleur?

980 2106 50 34 La
1050 2108 130 34 charité
1200 2112 34 31 et
1253 2109 33 34 la
1305 2109 259 44 philanthropie
1590 2112 71 33 mul-

938 2151 138 43 tiplient
1109 2152 92 34 lenrs
1234 2154 195 33 merveilles
1462 2165 89 32 pour
1578 2157 85 32 dimi-

935 2204 87 25 nuer
1050 2196 33 33 la
1110 2197 124 33 misère
1248 2207 9 28 ;
1291 2198 33 33 la
1350 2198 135 34 science
1513 2199 170 33 découvre

935 2239 63 33 des
1024 2242 163 40 procédés
1218 2251 89 32 pour
1331 2243 110 32 abolir
1461 2254 47 21 un
1528 2245 155 31 moment

935 2282 32 34 la
1012 2284 191 34 sensibilité
1245 2295 168 25 nerveuse
1433 2296 9 30 ;
1487 2287 196 34 l'industrie

934 2328 149 32 s'exerce
1102 2331 20 31 à
1141 2329 162 40 façonner
1323 2330 59 33 des
1402 2330 171 34 membres
1594 2341 89 30 pour

935 2373 156 33 soutenir
1111 2382 45 24 ou
1187 2375 163 41 suppléer
1376 2374 33 34 la
1435 2380 137 28 nature.
1593 2374 90 35 Mais

934 2417 33 32 la
985 2417 195 33 souffrance
1199 2419 175 39 demeure,
1388 2421 206 40 promenant
1609 2428 57 33 par-

934 2461 90 37 tout,
1037 2460 148 44 aveugle
1200 2465 33 30 et
1248 2461 141 43 injuste,
1404 2472 37 24 sa
1456 2464 93 33 main
1560 2463 123 34 lourde

933 2504 35 32 et
987 2504 129 33 cruelle
1131 2505 6 28 1
1160 2504 180 44 Pourquoi
1355 2505 15 31 ?

977 2608 64 34 J'ai
1061 2610 174 44 interrogé
1254 2610 50 34 les
1324 2621 176 33 penseurs,
1527 2613 50 34 les
1600 2623 51 24 ma-

933 2654 136 32 ralistes
1089 2657 34 30 et
1154 2656 47 31 les
1226 2654 221 45 philosophas
1463 2666 9 30 ;
1504 2656 43 33 ils
1572 2659 110 33 m'ont

933 2699 162 41 enseigné
1133 2699 32 33 la
1196 2699 145 33 fermeté
1375 2701 47 32 du
1450 2711 98 22 cœur
1581 2705 34 31 et
1650 2701 33 34 la

932 2745 137 39 stoïque
1082 2745 215 40 acceptation
1322 2745 41 32 de
1382 2744 171 34 l'obscure
1589 2747 72 32 fata-

932 2784 72 34 lité.
1029 2785 89 33 Mais
1137 2786 32 33 la
1198 2787 194 33 souffrance
1409 2798 20 24 a
1449 2790 167 33 continué
1637 2791 41 32 de

933 2832 215 31 tourmenter
1167 2841 57 24 ma
1233 2831 200 34 conscience
1448 2843 9 22 :
1480 2833 197 35 souffrance

932 2875 41 32 da
1006 2875 198 38 l'innocent,
1246 2875 193 34 souffrance
1479 2877 47 33 du
1572 2877 104 44 juste,

932 2917 193 34 souffrance
1161 2920 44 32 de
1241 2919 142 35 l'enfant
1413 2928 9 26 :
1450 2921 44 33 oh
1513 2923 6 30 i
1543 2921 138 34 celle-là

931 2967 152 32 surtout,
1106 2963 87 32 n'est
1214 2973 38 24 ce
1280 2973 71 33 pas,
1376 2967 98 39 pères
1507 2969 34 30 et
1570 2969 110 31 mères

931 3006 61 43 qui
1011 3007 226 38 m'entendez,
1260 3007 32 34 la
1313 3008 195 34 souffrance
1532 3011 41 33 de
1593 3011 70 34 l'en-

932 3052 85 37 fant,
1038 3053 91 31 cette
1149 3052 103 33 chose
1271 3052 117 43 inepte
1407 3056 34 30 et
1461 3053 143 34 barbare
1628 3058 6 31 !

973 3092 67 34 Les
1059 3094 150 34 révoltés
1228 3098 60 32 ont
1309 3097 135 33 maudit
1465 3097 32 33 le
1509 3097 90 34 Dieu
1617 3099 60 43 qui

932 3136 32 33 la
997 3143 144 38 permet,
1182 3139 48 33 leb
1259 3141 198 43 sceptiques
1494 3144 61 31 ont
1585 3145 93 30 tenté

931 3182 77 33 d'en
1033 3184 167 40 mépriser
1228 3183 174 44 l'énigme.
1424 3184 46 33 Et
1505 3185 170 43 toujours,

931 3226 131 41 malgré
1076 3228 33 32 la
1127 3228 132 32 science
1274 3230 35 30 et
1330 3229 131 43 malgré
1480 3229 33 32 la
1533 3229 143 39 révolte,

933 3270 110 41 parmi
1077 3270 48 33 les
1161 3272 123 33 larmes
1317 3276 33 30 et
1383 3273 50 33 les
1467 3273 155 39 dédains,
1645 3273 32 34 la

932 3313 196 34 souffrance
1143 3325 19 22 a
1183 3317 180 35 poursuivi
1383 3326 59 24 Bon
1465 3326 120 25 œuvre
1610 3319 46 33 im-

933 3358 197 41 pénétrable
1165 3358 86 34 Bien
1269 3360 90 43 plus,
1383 3359 91 35 voilà
1489 3371 89 33 pour
1597 3361 66 34 l'es-

933 3402 70 41 prit
1017 3404 131 40 éperdu
1168 3403 32 33 le
1215 3404 133 33 comble
1377 3405 48 32 du
1447 3409 152 39 mystère
1622 3405 6 31 !
1650 3405 27 34 Il

928 3456 44 22 en
992 3452 52 26 est
1076 3446 125 41 qu'elle
1233 3449 97 33 allait
1364 3450 181 40 peut-être
1578 3452 80 40 épar-

930 3498 98 34 gner,
1063 3495 34 28 et
1135 3502 69 32 que
1237 3502 61 24 son
1324 3494 124 41 regard
1479 3503 20 24 a
1530 3495 146 33 fascinés

931 3534 81 33 d'un
1031 3535 122 32 attrait
1168 3536 30 31 si
1218 3536 204 43 vainqueur,
1461 3537 105 43 qu'ils
1598 3541 78 31 sont

928 3578 84 32 allés
1032 3578 104 33 d'eux
1157 3580 129 32 mêmes
1310 3580 125 33 s'offrir
1454 3585 20 28 à
1493 3592 53 21 ses
1573 3582 104 32 rudes

931 3620 138 40 baisers,
1093 3632 133 24 comme
1246 3633 89 24 ceux
1365 3626 85 32 dont
1483 3625 94 41 parle
1604 3625 47 33 La-

930 3665 167 38 cordaire,
1119 3669 61 40 qui
1200 3669 214 33 embrassant
1435 3670 32 33 la
1481 3672 91 31 mort
1590 3679 87 32 pour

930 3719 69 24 une
1015 3710 107 33 heure
1142 3713 41 30 de
1204 3712 120 41 gloire,
1358 3712 85 33 dans
1473 3723 66 24 une
1569 3713 107 34 heure

930 3755 22 32 d
965 3754 272 33 enthousiasme.

973 3797 115 39 Ainsi,
1107 3798 139 33 d'abord
1267 3802 215 40 épouvantée
1500 3802 41 32 de
1560 3800 117 35 l'arrêt

928 3841 61 33 des
1009 3850 151 34 augures
1180 3847 33 28 et
1233 3844 178 43 suppliant
1427 3854 60 25 son
1508 3848 91 40 père,
1617 3856 60 33 par

930 3895 61 24 ion
1011 3895 133 30 amour,
1167 3896 61 34 par
1244 3898 60 25 son
1335 3891 87 32 fière
1448 3899 45 25 au
1519 3892 156 38 berceau,

930 3931 203 43 d'épargner
1152 3943 37 22 sa
1219 3932 170 44 jeunesse,
1427 3933 33 34 la
1481 3933 104 45 jeune
1606 3934 70 33 fille

930 3977 172 40 tragique,
1124 3976 194 44 subjuguée
1356 3987 61 32 par
1449 3987 63 24 son
1548 3979 126 38 destin,

928 4020 96 31 salue
1044 4019 84 33 d'un
1142 4023 103 30 adiea
1265 4022 204 43 pathétique
1486 4023 32 32 la
1533 4022 145 34 lumière

930 4063 41 32 de
991 4062 157 40 l'Orient,
1172 4068 34 28 et
1226 4064 142 44 conjure
1398 4076 37 22 sa
1454 4069 96 31 mère
1583 4069 41 31 de
1644 4067 34 34 la

928 4107 167 33 conduire
1114 4107 193 35 elle-même
1349 4119 45 24 au
1428 4110 162 44 sanglant
1610 4110 46 44 hy-

930 4153 130 28 ménée.

972 4193 91 39 Quoi
1083 4195 87 33 donc
1187 4199 7 30 !
1220 4199 35 31 et
1274 4196 61 43 qui
1356 4206 54 26 me
1423 4199 125 33 rendra
1563 4199 112 33 raison

930 4238 41 33 de
991 4241 92 30 cette
1103 4238 83 33 folie
1200 4238 18 33 ?

974 4281 202 34 Avez-vous
1232 4284 34 33 lu
1304 4284 211 35 l'étonnante
1563 4286 116 43 parole

930 4326 81 33 d'un
1031 4326 138 33 homme
1206 4329 63 41 qui
1297 4330 208 32 connaissait
1538 4330 33 33 la
1589 4331 66 32 dou-

931 4370 73 32 leur
1022 4381 87 32 pour
1123 4382 43 21 *n
1186 4374 96 31 avoir
1300 4375 98 37 vécu,
1422 4375 60 41 qui
1509 4374 32 33 la
1561 4375 115 33 faisait

930 4415 109 38 dater,
1062 4415 162 39 disait-il,
1247 4426 15 21 «
1285 4427 133 24 comme
1448 4421 91 31 cette
1578 4420 80 32 char-

928 4461 117 31 mante
1062 4457 85 34 Mlle
1166 4460 41 33 de
1219 4459 203 45 Lespinasse
1434 4472 60 24 son
1508 4472 122 24 amour
1645 4473 30 28 »,

928 4502 43 32 de
991 4506 78 28 tous
1089 4505 48 31 les
1157 4504 149 34 instants
1339 4506 44 32 de
1407 4515 37 22 sa
1456 4506 56 32 vie
1532 4506 19 32 ?
1584 4506 93 34 C'est

927 4545 181 44 Alphonse
1127 4546 150 34 Daudet.
1299 4547 73 35 Son
1394 4550 54 33 fils
1467 4559 19 24 a
1500 4553 175 39 rapporté,

928 4590 87 33 danv
1035 4599 37 24 ce
1090 4590 89 33 beau
1193 4591 87 33 livre
1312 4596 45 30 où
1382 4593 25 33 il
1435 4596 113 31 révèle
1578 4594 100 33 l'âme

930 4635 43 32 de
987 4643 63 24 son
1080 4637 92 38 père,
1202 4636 109 41 qu'un
1335 4636 90 43 jour,
1447 4639 20 31 à
1495 4636 180 41 Lamalou,

928 4677 84 33 assis
1033 4678 111 40 parmi
1161 4688 52 24 ses
1233 4680 195 43 pitoyables
1442 4690 234 33 compagnons

927 4721 110 43 qu'un
1068 4721 69 33 mal
1174 4731 163 25 commun
1370 4727 230 32 tourmentait
1632 4728 43 32 de

927 4767 175 40 supplices
1122 4768 211 32 atrocement
1357 4767 126 40 divers,
1511 4768 24 33 il
1554 4768 50 34 les
1623 4780 38 22 en-

928 4819 63 21 tou
998 4809 130 43 rageait
1167 4820 59 32 par
1263 4820 38 25 ce
1338 4817 72 28 mot
1439 4812 178 44 mystique
1643 4819 34 27 et

930 4853 146 43 profond
1096 4860 9 24 :
1135 4864 15 20 a
1187 4852 76 39 Que
1300 4865 87 24 ceux
1427 4858 132 33 d'entre
1591 4866 86 25 vous

930 4897 61 43 qui
1010 4903 60 27 ont
1091 4907 67 24 une
1193 4898 130 34 famille
1346 4897 104 46 qu'ils
1488 4902 190 34 chérissent

930 4942 219 33 considèrent
1167 4942 76 33 leur
1258 4943 69 34 mal
1346 4954 133 25 comme
1500 4956 47 22 un
1577 4955 81 33 para-

932 4989 161 28 tonnerre
1114 4988 7 30 1
1144 4996 17 20 »

973 5028 46 34 Et
1038 5028 228 35 voulez-vous
1285 5033 219 33 maintenant
1525 5043 67 22 une
1612 5043 45 22 au-

932 5075 53 30 tre
1006 5073 116 43 parole
1135 5072 18 33 ?
1173 5072 77 37 Elle
1270 5079 52 30 est
1342 5076 41 33 de
1402 5076 193 43 quelqu'un
1618 5078 61 43 qui

931 5118 56 32 n'a
1023 5118 99 41 point
1160 5118 99 33 laissé
1293 5118 32 34 la
1352 5121 198 41 réputation
1571 5121 109 33 d'être

932 5164 78 39 trop
1030 5160 113 34 enclin
1163 5171 69 24 aux
1251 5164 143 32 ardeurs
1413 5164 262 39 surnaturelles,

932 5205 43 32 de
990 5203 47 34 M.
1062 5203 135 40 Thiers,
1228 5206 85 33 dans
1350 5217 61 24 son
1449 5209 87 33 livre
1569 5209 43 33 de
1648 5209 32 33 la

932 5246 197 44 Propriété.

976 5290 28 35 Il
1023 5293 94 41 parle
1139 5294 41 32 de
1218 5293 32 34 la
1285 5294 148 44 religion
1466 5296 210 40 chrétienne,

933 5335 43 34 de
1030 5339 32 30 la
1098 5336 215 35 domination
1349 5340 165 33 continue
1551 5340 128 44 qu'elle

933 5387 119 26 exerce
1072 5391 59 22 sur
1152 5380 32 34 le
1206 5383 125 32 monde
1361 5386 34 31 et
1416 5383 25 33 il
1460 5385 53 33 dit
1533 5393 11 25 :
1565 5394 17 21 «
1603 5385 77 34 Elle

937 5424 30 33 le
1004 5424 85 38 doit,
1133 5427 98 31 entre
1263 5430 117 31 autres
1415 5428 130 39 motifs,
1580 5432 20 31 &
1631 5439 48 24 un

934 5470 168 40 avantage
1139 5478 79 32 que,
1241 5470 106 39 seule,
1383 5470 66 34 elle
1479 5481 20 22 a
1535 5473 144 41 possédé

934 5515 97 30 entre
1059 5516 48 30 1«B
1127 5512 164 43 religions
1311 5523 11 25 :
1342 5517 56 32 cet
1416 5517 180 41 avantage,
1622 5526 39 24 sa-

937 5564 163 24 vez-vous
1129 5561 81 38 quel
1247 5557 26 33 il
1296 5561 52 31 est
1363 5557 18 32 ?
1420 5557 92 37 C'est
1550 5562 130 32 d'avoir

934 5600 94 33 seule
1048 5600 112 33 donné
1180 5610 48 24 un
1247 5611 77 22 sens
1343 5606 20 28 à
1376 5601 31 34 la
1426 5603 158 33 douleur.
1603 5615 17 20 »

979 5641 181 38 Qu'est-ce
1195 5647 20 31 à
1251 5644 104 34 dire?
1388 5644 174 34 Victimes
1593 5649 70 33 rési-

935 5692 115 39 gnées,
1069 5687 159 33 victimes
1247 5689 220 39 volontaires,
1491 5693 97 32 votre
1607 5692 54 33 his-

937 5731 86 33 toire
1042 5730 175 34 n'est-elle
1240 5732 89 34 don?
1348 5744 69 33 que
1436 5733 32 33 la
1499 5739 181 31 constante

935 5774 185 41 répétition
1141 5776 47 32 du
1209 5777 117 32 drame
1346 5779 159 41 auguste,
1530 5779 28 32 si
1577 5779 83 44 loog-

937 5822 112 39 temps
1068 5818 112 44 figuré
1198 5829 59 33 par
1271 5822 48 32 les
1338 5822 170 33 sacrifices
1527 5824 150 39 anciens,

937 5865 56 35 où,
1016 5863 84 32 dans
1128 5862 32 33 le
1198 5868 152 31 meurtre
1387 5865 48 32 du
1466 5863 111 41 Juste,
1599 5868 80 33 s'est

937 5907 123 33 fondée
1080 5907 32 33 la
1129 5907 156 33 doctrine
1304 5908 209 34 immortelle
1532 5910 43 33 de
1594 5910 69 35 l'ex-

938 5950 130 41 piation
1083 5952 61 32 des
1163 5949 180 37 innocente
1362 5961 90 34 pour
1479 5953 47 33 les
1556 5963 124 35 coupa-

980 6035 90 37 Sana
1103 6038 117 39 doute,
1243 6038 200 40 Messieurs,
1465 6039 213 37 l'exaltation

935 6081 50 33 du
1002 6081 155 33 sacrifice
1174 6092 41 22 ne
1235 6086 85 38 peut
1338 6084 73 32 être
1437 6093 67 32 que
1525 6086 30 33 le
1570 6087 92 41 privi-

937 6125 76 43 lège
1032 6125 41 32 de
1089 6125 165 43 quelques
1277 6129 105 37 âmes,
1397 6129 34 31 et
1446 6129 48 32 les
1507 6128 171 45 Lydwiae

937 6170 43 33 de
999 6167 185 37 Schiedam
1205 6174 115 31 seront
1339 6170 158 43 toujours
1518 6183 67 24 une
1618 6184 41 24 ex-

937 6213 150 44 ception,
1108 6213 244 45 inintelligible
1384 6217 20 30 a
1430 6214 33 35 la
1493 6217 104 40 foule,
1619 6228 40 24 su-

935 6257 107 33 blime
1062 6266 45 25 ou
1127 6259 219 37 lamentable,
1363 6267 44 24 au
1426 6262 60 40 gré
1506 6262 59 32 des
1585 6272 76 32 spec-

938 6304 132 31 tateurs
1089 6301 43 33 de
1150 6301 74 34 leur
1248 6302 197 41 incroyable
1470 6306 207 34 souffrance'.

937 6344 65 35 S'il
1020 6346 53 32 est
1094 6346 72 33 vrai
1181 6357 67 32 que
1270 6344 203 38 l'humanité
1493 6350 48 33 ait
1560 6350 117 33 besoin

937 6391 44 31 de
1012 6398 56 24 cea
1088 6394 275 33 paratonnerres,
1387 6391 65 34 elle
1469 6392 122 34 n'offre
1610 6402 67 34 que

937 6437 174 30 rarement
1127 6436 21 32 à
1165 6433 211 34 l'architecte
1395 6436 96 33 divin
1512 6436 30 33 le
1573 6438 103 34 métal

937 6480 85 30 doat
1041 6476 43 33 ils
1101 6481 78 28 sont
1198 6480 93 30 faits.

980 6520 100 43 Mais,
1103 6531 79 26 sans
1200 6524 136 34 monter
1352 6526 21 33 à
1402 6533 57 26 cea
1495 6523 177 40 hauteurs,

1743 1274 33 43 je
1795 1277 69 31 sais
1900 1276 43 32 de
1984 1276 221 33 silencieuses
2235 1278 182 31 demeures
2446 1279 45 31 où

1744 1318 169 34 s'al.aient
1932 1320 171 32 enfermer
2118 1329 85 24 ceux
2224 1320 198 41 qu'avaient
2443 1329 48 24 un

1742 1361 80 44 jour
1841 1364 92 33 ravis
1954 1363 181 43 l'exemple
2154 1364 48 32 du
2236 1364 109 41 grand
2366 1363 105 35 Cruci-

1744 1404 54 41 fié,
1821 1411 35 30 et
1876 1407 73 44 qui,
1971 1417 89 33 pour
2081 1409 47 32 lui
2150 1409 118 32 mieux
2283 1407 107 39 obéir,
2408 1417 63 26 sou-

1743 1452 184 34 mettaient
1946 1455 19 31 à
1990 1462 67 24 une
2076 1452 94 44 règle
2202 1454 118 31 sévère
2340 1450 74 35 leur
2434 1463 38 22 es-

1744 1495 70 41 prit
1833 1498 35 32 et
1889 1496 76 33 leur
1988 1506 112 34 corps,
2141 1496 92 33 leurs
2271 1496 156 43 passions
2456 1500 35 30 et

1744 1540 74 33 leur
1846 1539 151 41 volonté,
2030 1543 144 41 croyant
2203 1540 104 44 qu'ils
2340 1540 32 34 le
2402 1550 67 33 pou-

1742 1584 117 34 vaient
1878 1593 78 25 sans
1975 1587 73 32 être
2081 1587 138 32 accusés
2252 1586 43 33 de
2322 1585 168 43 trafiquer

1742 1636 83 26 avec
1844 1628 90 34 Dieu
1954 1629 81 34 d'un
2052 1629 79 34 bien
2151 1631 85 32 dont
2259 1629 50 34 les
2335 1629 156 34 hommes

1742 1672 208 33 interdisent
1970 1672 32 33 le
2021 1683 193 24 commerce
2230 1684 8 28 ;
2261 1676 35 31 et
2315 1672 67 44 je»
2406 1682 64 25 con-

1742 1717 74 32 nais
1835 1717 74 41 qui,
1931 1717 133 43 surpris
2086 1717 41 33 de
2146 1717 77 33 voir
2250 1720 79 31 tout
2359 1720 20 31 à
2400 1727 90 34 coup

1742 1759 158 40 s'ouvrir,
1918 1770 45 24 au
1982 1770 81 25 nom
2083 1762 43 33 de
2146 1761 33 35 la
2198 1761 46 34 loi
2263 1761 77 35 leur
2359 1762 109 33 retrai-

1742 1806 34 31 te
1808 1807 115 31 sacrée
1963 1808 63 32 ont
2061 1806 92 34 redit
2185 1805 32 35 le
2249 1808 73 33 mot
2354 1805 137 37 illustre

1742 1848 213 43 d'Antigone
1976 1858 9 25 :

1741 1917 72 26 Tout
1824 1918 53 25 édit
1892 1920 40 22 eit
1948 1919 65 24 d'an
2026 1918 111 25 homm*
2150 1926 6 17 :
2174 1925 17 19 a
2206 1922 9 22 t
2229 1919 18 25 il
2270 1926 39 18 un
2334 1920 35 26 tal
2394 1920 94 25 mérita

1742 1949 74 28 Qu'il
1828 1950 51 25 aoit
1889 1950 144 31 supérieur
2047 1950 15 25 à
2075 1950 27 26 la
2114 1951 37 24 loi
2165 1957 54 19 non
2232 1952 84 24 écrite
2323 1952 14 22 Y

1786 2007 45 34 Ils
1851 2010 78 32 sont
1952 2009 120 41 partis,
2095 2011 46 38 et,
2165 2009 48 34 le>
2246 2011 129 40 voyant
2411 2020 59 32 pas-

1741 2062 66 28 ser,
1827 2052 34 44 je
1904 2062 54 24 me
1987 2053 73 33 suis
2093 2053 169 34 demandé
2295 2054 52 33 s'il
2380 2054 109 34 fallait

1741 2096 138 41 pl«urer
1899 2096 193 41 davantage
2126 2096 33 33 la
2191 2096 124 34 liberté
2341 2098 85 33 dont
2446 2098 43 33 ils

1741 2140 231 41 emportaient
2006 2140 139 44 l'image
2173 2144 178 41 outragée,
2387 2152 46 22 ou
2451 2151 38 24 ce

1741 2187 111 28 trésor
1871 2184 41 32 de
1931 2184 172 33 sacrifices
2122 2185 138 41 igaorés
2276 2211 6 13 ,
2304 2186 61 43 qui
2386 2187 83 41 peut-

1741 2229 72 31 êtra
1828 2228 193 33 dressaient
2040 2231 119 31 contre
2179 2229 32 33 la
2226 2230 123 33 foudre
2368 2230 100 33 iacon-

1740 2282 67 22 nue
1827 2272 214 33 d'invisibles
2062 2275 273 38 paratonnerres.

1773 2614 154 41 (Service
1944 2619 131 40 spécial
2094 2620 40 31 de
2145 2619 311 43 7'Ouest-Eclair).

1743 2382 201 151 Nos
1963 2386 522 197 Dépêches

1845 2696 124 67 EN
2022 2700 360 70 FRANCE

1773 2810 220 59 Conseil
2033 2813 97 58 des
2177 2815 275 61 Ministres

2094 2914 100 33 Paris,
2213 2916 37 28 22
2267 2919 178 28 novembre.

1778 2948 58 32 Les
1861 2950 158 32 ministres
2043 2961 32 22 se
2094 2957 71 26 sont
2187 2956 106 30 réunis
2309 2965 33 22 ce
2356 2957 99 31 matin
2471 2957 17 30 à

1736 2987 137 40 l'Elysée
1890 3000 72 21 sous
1987 2992 30 30 la
2039 2994 180 35 présidence
2233 2996 38 28 de
2287 2996 45 30 M.
2350 2996 37 30 E.
2407 2996 59 31 Lou-

1737 3028 58 30 bet.
1815 3030 44 30 Ils
1881 3035 52 26 ont
1958 3032 98 30 arrête
2080 3032 155 33 l'attitude
2257 3035 41 30 du
2314 3044 155 31 gouverne-

1739 3074 83 24 ment
1833 3078 40 20 au
1889 3072 78 33 sujet
1991 3071 43 30 du
2059 3073 97 37 projet
2171 3074 178 38 d'emprunt
2365 3076 76 31 dont
2456 3077 32 28 la

1736 3107 175 31 disoussiun
1928 3111 182 30 continuera
2126 3113 100 30 lundi.

1776 3146 45 30 M.
1839 3148 148 32 Caillaux
2000 3150 190 32 demandera
2204 3154 17 28 à
2237 3155 30 27 la
2282 3155 204 30 commission

1735 3185 41 30 du
1795 3188 113 37 budget
1932 3189 38 30 de
1995 3190 168 32 maintenir
2187 3194 28 30 le
2239 3193 111 32 ohi£fre
2378 3195 38 30 de
2430 3194 58 30 265

1735 3227 139 31 millions
1891 3233 27 25 et
1935 3230 106 35 espère
2055 3239 60 28 que
2140 3240 57 22 son
2222 3234 98 37 projet
2335 3242 70 22 sera
2420 3235 67 28 volé

1735 3267 18 27 à
1769 3275 60 21 une
1843 3267 78 32 forte
1935 3269 155 37 majorité.

1775 3319 26 30 Il
1821 3321 174 28 combattra
2022 3322 241 32 l'amendement
2295 3326 90 30 Klelz
2398 3335 7 26 ;
2441 3334 30 21 ce-

1735 3359 137 37 pendant
1886 3360 22 28 il
1924 3369 39 22 ne
1977 3361 176 38 s'opposera
2166 3372 57 27 pas
2237 3365 18 28 à
2283 3366 31 27 la
2341 3365 124 32 noicina-

1735 3404 64 24 tiOD
1813 3399 91 31 d'une
1919 3402 204 31 commission
2139 3402 176 39 d'enquête.

1775 3438 45 31 Nl.
1846 3439 136 34 Baudin,
2013 3442 142 31 minisire
2183 3443 54 30 des
2267 3448 131 27 travaux
2427 3454 39 30 pu-

1735 3477 89 35 blics,
1843 3488 17 20 a
1872 3480 57 30 fait
1944 3481 161 31 connaître
2133 3482 78 30 dans
2228 3485 120 34 quelles
2378 3485 91 28 condi-

1735 3519 80 30 tions
1832 3519 30 30 la
1878 3521 256 35 réglementation
2151 3522 41 28 du
2210 3524 112 28 travail
2348 3524 78 30 dans
2443 3524 44 31 Us

1735 3557 99 31 mices
1863 3560 145 35 pourrait!
2035 3561 60 28 èlre
2122 3561 129 31 réalisée
2268 3572 7 25 ;
2311 3563 175 30 conditions

1735 3605 52 20 sur
1814 3598 164 38 lesquelles
2009 3599 22 30 il
2061 3600 211 38 s'expliquera
2302 3606 46 27 cet
2378 3604 91 38 aprèj-

1734 3635 91 30 midi.

1775 3676 128 39 D'après
1933 3678 43 28 lui
2004 3679 30 28 la
2063 3679 72 31 base
2158 3679 38 31 de
2224 3681 259 37 réglementation

1733 3717 234 35 comprendrait
1994 3718 28 30 la
2052 3719 67 37 laps
2150 3720 39 30 de
2223 3725 99 33 temps
2347 3722 137 38 compris

1733 3761 85 25 entre
1840 3756 116 31 l'heure
1978 3757 38 31 de
2046 3758 30 30 la
2089 3758 145 32 descente
2248 3764 30 27 «I
2306 3762 77 31 celle
2405 3761 38 32 de
2457 3761 31 31 la

1734 3797 168 28 remontée.

1760 3886 110 37 Au
1916 3886 226 52 Congo
2179 3891 281 50 français

1871 3972 52 32 La
1952 3974 146 31 colonie
2131 3984 46 22 en
2202 3976 148 32 révolte

1774 4024 133 32 L'Ouett
1922 4028 115 30 Eclair
2052 4028 98 32 d'hier
2166 4032 181 34 annonçait,
2365 4041 39 20 an
2419 4031 50 30 der-

1737 4067 85 28 nière
1850 4067 103 33 heure,
1981 4069 83 37 d'api
2070 4070 31 28 ô»
2132 4070 44 30 les
2204 4072 155 33 jouruaux
2385 4072 103 35 beiges

1734 4113 60 26 que
1815 4106 30 30 la
1876 4106 148 33 situation
2059 4108 144 31 devenait
2238 4111 175 30 alarmante
2448 4119 39 21 au

1734 4143 109 38 CoDgo
1856 4146 151 37 fraDfais.

1774 4182 89 32 Voici
1879 4194 33 22 ce
1926 4195 60 28 que
2001 4188 11 28 l
2015 4185 117 32 'Etoile
2145 4186 97 39 Belge
2258 4188 45 31 dit
2331 4191 18 28 k
2378 4196 34 24 ce
2435 4198 35 21 su-

1733 4224 43 37 jet
1792 4233 9 21 :

1769 4283 54 30 Lm
1838 4286 149 27 nouvelles
2002 4287 38 27 du
2056 4286 97 35 Congo
2183 4289 125 32 français
2336 4291 66 26 soat
2431 4291 58 25 tris

1736 4320 163 27 mauvaises
1909 4329 7 25 ;
1932 4329 35 20 on
1985 4322 43 27 dit
2043 4331 54 26 que
2126 4328 41 22 les
2202 4322 112 37 régions
2343 4324 145 30 Nord-Est

1734 4358 27 24 et
1776 4354 52 28 Eut
1844 4361 64 21 sont
1922 4358 226 28 complètement
2163 4359 156 26 soulevée».

1770 4390 35 27 Le
1819 4393 146 32 oapîtsiie
1981 4393 125 34 français
2121 4395 113 33 envoyé
2250 4402 70 26 pour
2349 4395 139 35 réprimer

1735 4426 28 26 la
1776 4428 107 25 révolte
1898 4435 17 19 a
1929 4429 45 25 été
1987 4431 83 24 oerné
2083 4431 27 24 et
2127 4437 35 18 on
2191 4430 64 26 n'en
2271 4430 80 27 avait
2379 4439 50 26 pas
2457 4431 32 26 de

1735 4462 148 26 ■ouvelles
1898 4463 102 33 depuis
2034 4465 67 27 huit
2127 4465 79 33 jaurs
2236 4473 38 19 au
2303 4467 131 27 moment
2450 4466 38 27 du

1734 4495 99 34 départ
1850 4498 38 26 du
1904 4496 113 30 bateau.

1775 4557 50 32 On
1838 4559 35 30 lit
1900 4560 119 32 d'autre
2049 4566 81 33 part,
2146 4563 79 31 dans
2255 4564 31 30 la
2313 4561 176 39 Métropole

1735 4596 155 32 d'Anvers
1906 4609 8 19 :

1769 4661 80 30 Nous
1865 4671 90 20 avons
1971 4672 39 26 pu
2028 4674 70 19 nous
2109 4667 159 26 entretenir
2284 4674 69 19 avee
2368 4674 40 19 un
2421 4675 50 25 pas-

1735 4704 78 27 sager
1827 4706 37 20 au
1879 4700 76 33 snjet
1968 4702 35 24 de
2015 4701 30 27 la
2059 4701 111 26 révolte
2181 4701 46 27 des
2245 4701 119 27 Mounis
2379 4709 7 22 ;
2405 4704 79 25 notre

1734 4731 208 30 Interlocuteur
1965 4742 17 20 a
2008 4734 141 28 cenfirmé
2177 4736 43 27 lei
2248 4737 150 27 neuvelles
2413 4739 61 26 alar-

1736 4770 112 25 mantes
1863 4769 124 27 données
2004 4778 52 27 par
2070 4770 40 26 les
2131 4772 150 33 dépêohes.

1769 4802 70 32 Oui,
1857 4812 71 19 nous
1954 4806 86 27 a-t-il
2055 4807 57 31 dit,
2143 4807 27 27 la
2198 4807 96 33 région
2323 4809 104 25 autour
2454 4807 34 27 de

1735 4837 180 31 Brazzaville
1928 4844 44 25 est
1987 4850 54 26 peu
2056 4843 66 26 sûre
2134 4845 27 24 el
2176 4843 27 33 je
2219 4843 65 33 puis
2300 4843 111 33 ajouter
2434 4850 54 27 que

1734 4876 63 26 teat
1812 4874 26 27 le
1853 4873 98 37 Congé
1967 4879 41 24 est
2023 4884 35 19 en
2075 4878 119 26 révelte.

1770 4907 53 28 Les
1840 4911 150 27 noavelles
2002 4912 126 27 arrivées
2153 4913 17 27 k
2186 4912 165 28 Brazaville
2380 4920 92 20 annoa-

1734 4948 66 24 oent
1814 4952 56 27 que
1900 4946 145 33 plusieurs
2074 4950 102 33 agents
2205 4951 65 25 sont
2298 4950 97 25 cernés
2419 4948 72 28 dans

1735 4980 76 27 leurs
1825 4981 164 27 listorerle»
2016 4985 30 24 et
2060 4985 65 25 sont
2154 4983 187 28 abandonnés
2374 4984 17 26 h
2418 4991 51 19 eux-

1736 5016 119 25 mêmes.

1770 5049 47 28 Oa
1833 5057 17 20 a
1863 5057 65 26 reçu
1943 5053 18 25 k
1974 5052 184 28 Brazzaville
2171 5054 48 26 des
2235 5053 98 28 billets
2352 5053 69 27 d'un
2435 5053 35 27 bu-

1735 5093 66 19 reau
1817 5086 33 26 de
1864 5086 162 28 l'intérieur
2039 5088 100 27 disant
2152 5089 73 33 qu'il
2241 5089 72 27 était
2328 5089 83 26 cerné
2444 5089 31 26 de-

1735 5121 65 33 puis
1817 5119 15 28 8
1844 5121 79 34 jours
1938 5125 27 25 et
1981 5122 73 33 qu'il
2081 5122 111 27 n'avait
2209 5131 120 27 presque
2362 5124 66 33 plus
2458 5124 34 26 de

1736 5156 105 26 vivrea.
1859 5156 48 28 Un
1922 5157 150 34 capitaine
2085 5158 126 34 français
2228 5167 15 20 a
2258 5160 44 27 été
2317 5161 110 30 envoyé
2456 5166 35 20 au

1735 5198 112 20 seoours
1859 5193 48 26 des
1935 5194 98 32 agents
2065 5194 94 26 sernéh
2189 5194 72 26 dans
2290 5194 26 26 le
2344 5202 72 26 pays
2444 5194 47 26 des

1735 5224 119 30 Mounis
1865 5235 8 25 ;
1902 5228 22 26 il
1952 5230 41 24 est
2020 5229 86 26 eerué
2135 5228 158 28 lui-même
2308 5236 69 19 aveo
2392 5236 43 19 ses
2454 5228 34 27 80

1736 5259 131 28 hommes
1883 5265 27 24 et
1924 5270 37 19 on
1976 5264 71 27 était
2067 5271 69 20 sans
2152 5264 148 28 nouvelles
2326 5263 34 28 de
2375 5264 43 26 lui
2447 5264 30 27 de-

1735 5296 65 34 puis
1817 5297 66 28 huit
1896 5297 89 34 jours.

1772 5331 40 26 La
1827 5331 141 28 lituatioa
1984 5333 35 27 de
2042 5331 185 32 Brazzaville
2255 5334 168 28 elle-même
2450 5336 41 26 est

1735 5373 53 26 peu
1804 5369 73 26 sûre.

1772 5433 154 61 Noovel
1956 5435 191 59 incident
2177 5437 268 58 franco-tare

1802 5537 52 30 La
1876 5539 112 30 Porte
2011 5542 37 28 et
2070 5549 69 21 nos
2161 5539 262 32 stationnaires

2060 5593 164 34 Francfort,
2241 5591 34 27 22
2291 5593 164 27 novembre.

1775 5623 48 32 On
1850 5627 194 38 télégraphie
2068 5630 38 30 de
2130 5629 262 37 Constantinople
2418 5630 17 26 à
2460 5628 31 30 1s

1736 5662 27 30 G
1768 5667 96 27 tutUs
1880 5667 38 27 d*
1931 5666 184 38 Francfort
2131 5678 11 21 :

1775 5711 15 20 «
1808 5702 46 31 L*
1869 5704 152 37 Motutit,
2041 5708 30 30 le
2106 5707 167 32 deuxième
2309 5706 110 31 navire
2454 5706 38 31 de

1734 5750 110 30 guerre
1858 5744 137 37 français
2010 5746 57 38 qui
2083 5747 159 32 stationne
2258 5746 78 30 dans
2353 5746 28 30 le
2411 5746 58 28 Bos-

1736 5783 105 37 phore,
1859 5792 18 20 a
1896 5785 106 37 quitté,
2031 5786 161 38 plusieurs
2218 5785 155 31 lemainei
2402 5785 89 35 aprèi

1735 5824 28 27 le
1779 5822 107 38 dépari
1902 5825 38 28 de
1965 5824 50 28 M.
2054 5825 171 33 Constant,
2255 5825 31 28 la
2315 5832 65 24 mer
2408 5824 84 38 Egée

1735 5868 78 30 ponr
1827 5862 78 31 taire
1917 5863 53 31 des
1987 5872 217 24 manœuvre*.
2220 5864 123 31 Devant
2357 5864 116 30 mainte-

1735 5903 76 26 nant
1827 5906 158 27 retourner
2000 5904 21 28 à
2035 5913 56 22 «on
2108 5909 98 31 poite,
2226 5904 30 30 le
2278 5903 109 31 navire
2401 5911 19 21 a
2434 5903 38 30 de-

1736 5940 123 34 mandé,
1873 5949 123 22 comme
2008 5943 74 30 c'est
2100 5944 131 35 l'urage,
2249 5942 28 31 le
2287 5942 116 32 ârman
2415 5949 77 32 pour

1735 5981 151 30 traverser
1902 5981 44 31 les
1964 5981 222 33 Dardanelltis.

1775 6026 15 19 »
1807 6018 216 41 Tashin-Bsy,
2042 6024 138 33 premier
2197 6021 163 32 secrétaire
2375 6021 41 31 du
2434 6020 46 32 Pa

1735 6057 70 35 lais,
1820 6066 18 20 a
1853 6064 120 34 envoyé
1985 6064 19 27 à
2020 6059 123 33 Tewflk
2154 6060 133 34 -Pacha,
2306 6071 40 20 au
2361 6070 74 22 nom
2450 6060 43 30 du

1736 6098 113 34 snltan,
1867 6106 61 22 une
1943 6105 73 26 note
2031 6105 126 33 portant
2174 6100 78 38 qu'il
2267 6100 54 38 n'y
2336 6103 84 27 avait
2437 6106 56 31 pas

1735 6136 38 30 de
1787 6138 105 30 raison
1907 6146 78 30 pour
2001 6142 33 26 la
2049 6138 125 32 Franor
2190 6139 38 31 de
2252 6141 78 30 faire
2360 6139 115 30 station-

1735 6183 54 21 ner
1804 6176 81 31 deux
1899 6178 128 31 navires
2043 6181 39 28 de
2104 6187 59 30 gne
2174 6188 46 21 rre
2248 6180 79 30 dans
2356 6181 30 28 le
2413 6177 60 31 Bos-

1736 6215 105 35 phore.
1860 6216 47 32 In
1924 6222 98 26 outra,
2049 6219 28 30 le
2107 6219 57 31 mit
2176 6220 81 30 >istre
2283 6220 53 30 des
2366 6217 126 31 affaires

1734 6255 176 39 étrangères
1924 6257 39 31 de
2003 6255 141 40 Turquie
2186 6268 18 20 a
2237 6260 47 30 été
2319 6257 116 39 ohargé
2454 6255 39 32 de

1735 6294 80 35 prier
1831 6294 211 33 l'ambassade
2056 6298 39 30 de
2113 6296 125 32 Fmuee
2262 6299 38 30 de
2327 6298 107 31 retirer
2459 6296 31 30 la

1733 6333 154 33 demande
1900 6341 193 25 concernant
2108 6338 31 30 1*
2154 6338 129 30 tirman.

1773 6381 15 20 #
1807 6374 85 31 Dans
1919 6376 47 30 le*
1994 6374 126 38 sphères
2157 6379 72 28 bien
2257 6378 180 32 informées,
2452 6383 40 21 on

1731 6413 78 31 oroil
1824 6423 60 28 que
1898 6413 28 31 le
1941 6422 253 31 goavernemieui
2213 6417 141 35 français
2369 6424 39 21 ne
2422 6422 85 30 par-,

1733 6461 104 30 tagera
1854 6462 53 28 pas
1924 6461 78 22 cetie
2017 6457 104 30 mauiè
2130 6465 32 24 re
2174 6457 39 31 de
2230 6457 78 30 voir.

1772 6498 17 21 »
1805 6490 96 32 Outre
1926 6496 32 26 la
1987 6493 130 39 France,
2156 6497 45 31 les
2230 6496 185 38 paissa:aoe*
2440 6491 53 39 qui

1731 6535 53 28 Oât
1799 6530 43 32 loi
1856 6533 83 31 denx
1952 6535 125 33 navires
2096 6537 45 37 d#
2154 6543 112 32 guerre
2280 6539 71 28 sont
2365 6535 32 30 la
2409 6531 84 33 Eut-

2587 1364 15 20 »
2616 1355 30 31 A
2661 1364 33 22 ce
2709 1365 122 28 propoi,
2850 1357 165 37 rappslona
3033 1365 58 27 que
3120 1359 28 28 le
3163 1357 112 30 double-

2546 1402 83 25 ment
2644 1396 53 30 des
2714 1396 216 30 atationnairei
2946 1404 18 20 a
2979 1398 46 27 été
3040 1397 107 30 décidé
3162 1406 38 22 en
3216 1396 77 30 1896

2546 1443 52 31 pat
2616 1436 43 31 le*
2687 1437 191 33 painanoei.
2909 1436 126 37 Depuis,
3063 1436 161 38 loriqa'on
3242 1436 37 31 bâ

2546 1476 109 30 liment
2669 1480 71 31 lorl,
2758 1476 28 31 le
2803 1476 103 28 laitan
2920 1475 141 39 a'oppoie
3074 1476 135 38 toDjoar*
3226 1478 17 28 i
3260 1485 33 21 ia

2546 1517 126 31 rentrée,
2692 1524 59 30 que
2763 1524 34 22 oe
2817 1515 150 31 bâtiment
2982 1515 58 30 aoit
3056 1524 98 27 rusia,
3171 1517 120 38 anglsii

2545 1564 40 22 on
2600 1554 136 34 français
2759 1563 26 25 ».

2552 1656 736 161 ChubredesDiSpilfis

2930 1861 93 32 Pari»,
3040 1860 34 27 !2
3091 1861 164 30 novembre.

2587 1896 45 31 Lt
2646 1898 112 30 séanoe
2783 1902 45 26 eil
2852 1902 125 27 oavarta
3000 1899 18 28 à
3038 1899 17 28 2
3078 1899 120 34 heure»,
3219 1907 70 21 sous

2548 1936 30 31 la
2594 1935 181 40 présidence
2790 1937 38 31 de
2843 1937 48 30 M.
2916 1939 110 28 Faure.

2587 1976 45 30 La
2647 1975 157 32 Chambre
2820 1977 96 38 prend
2947 1985 37 22 en
3011 1978 229 30 oomidéralion
3267 1980 26 30 le

2545 2017 97 37 projal
2659 2015 37 31 de
2708 2019 168 28 résolution
2893 2019 37 28 de
2944 2017 44 28 M.
3006 2019 97 38 Ferry
3117 2019 53 38 qui
3189 2019 71 31 tend
3274 2021 18 26 à

2545 2056 79 30 faire
2640 2056 117 28 allouer
2785 2063 60 24 un*
2875 2057 131 32 pension
3033 2057 38 30 de
3092 2057 123 31 retraite
3230 2067 61 21 aux

2546 2095 124 30 anciens
2688 2095 163 31 militaires
2868 2096 71 37 âgés
2961 2096 72 30 d'au
3063 2096 100 32 moins
3180 2096 38 31 60
3233 2107 56 21 ans

2545 2138 31 28 et
2589 2135 53 37 qui
2659 2134 86 31 n'ont
2760 2143 54 28 pas
2837 2135 39 30 da
2891 2135 142 38 pension.

2584 2173 126 32 L'ordre
2726 2174 41 30 du
2779 2174 70 37 jour
2864 2174 123 38 appelle
3012 2176 31 28 la
3072 2176 78 32 suite
3167 2176 37 32 de
3219 2176 57 32 l'in-

2545 2213 194 38 terpellation
2757 2222 52 22 sur
2824 2215 31 30 la
2870 2213 79 32 cri>B
2962 2213 135 32 vitioole.

2588 2254 43 30 M.
2649 2254 181 38 Tnompson
2859 2255 45 28 dit
2931 2254 92 39 qu'en
3039 2257 146 34 présence
3201 2256 92 30 d'une

2545 2293 78 31 erise
2637 2293 86 30 aussi
2739 2294 91 38 aiguë
2857 2293 20 31 il
2894 2302 21 30 y
2929 2294 102 30 aurait
3044 2294 144 38 puérilité
3215 2297 18 27 à
3248 2304 38 21 en

2546 2331 184 32 {•chercher
2752 2334 44 30 les
2811 2337 136 26 auteurs.

2585 2370 187 33 L'attention
2804 2373 39 31 de
2870 2373 31 31 la
2928 2372 159 32 Chambre
3112 2373 65 31 doit
3193 2375 98 34 plutôt

2546 2411 141 31 s'arrêter
2702 2420 52 21 sur
2769 2411 31 31 la
2816 2412 149 31 situation
2980 2413 53 37 qui
3048 2421 18 21 a
3081 2414 47 28 été
3143 2412 73 31 faite
3229 2422 61 20 aux

2546 2451 90 37 petits
2652 2453 117 28 colons.
2787 2451 43 31 Ils
2858 2453 123 28 avaient
3007 2452 59 30 mis
3096 2457 98 27 toutes
3209 2454 81 30 leurs

2545 2492 181 34 espérances
2743 2491 79 30 dans
2837 2491 31 30 la
2881 2492 119 30 culture
3017 2492 136 31 vitioole.

2588 2530 112 31 Incités
2715 2530 18 30 à
2747 2529 78 32 faire
2841 2530 52 31 des
2910 2531 200 38 plantations,
3128 2531 38 30 ils
3182 2532 44 31 les
3240 2536 51 27 ont

2546 2569 99 35 faites,
2663 2571 143 35 espérant
2823 2570 91 37 qu'au
2930 2570 106 32 besoin
3063 2572 28 30 le
3124 2580 156 30 gouverne

2546 2614 85 26 meut
2647 2610 66 30 leur
2727 2609 154 31 viendrait
2897 2619 38 21 en
2948 2610 81 31 aide.

2587 2649 26 30 Il
2628 2653 45 27 est
2694 2649 65 30 vrai
2774 2657 60 30 que
2861 2650 30 28 la
2916 2648 128 40 Banque
3063 2650 180 38 algérienne
3270 2660 18 21 a

2545 2689 60 28 mis
2642 2689 18 27 à
2694 2689 66 31 leur
2796 2689 185 35 disposition
3022 2691 31 28 la
3096 2700 118 20 somma
3254 2691 37 31 de

2544 2730 19 27 4
2576 2727 224 34 OOO.OOO.maii
2816 2734 45 24 oet
2876 2733 144 33 emprunt
3033 2734 44 26 esl
3092 2730 180 32 insuffisant
3282 2741 7 25 ;

2544 2769 24 30 il
2583 2777 38 22 ne
2635 2776 131 24 sauvera
2783 2777 54 28 pas
2852 2769 31 30 la
2897 2769 159 31 situation.

2587 2807 26 30 Il
2628 2816 20 31 y
2663 2807 100 31 aurait
2787 2807 132 31 d'autres
2940 2816 136 24 mesures
3104 2810 18 30 à
3149 2810 139 37 prendre.

2545 2846 27 31 Il
2585 2848 135 30 faudrait
2735 2852 167 33 avantager
2919 2848 43 31 les
2987 2848 167 38 vignerons
3176 2854 30 26 et
3228 2859 47 20 sur-

2545 2891 64 26 tout
2624 2887 164 40 appliquer
2804 2888 30 31 la
2864 2887 176 38 législation
3057 2897 51 21 sur
3133 2889 44 32 les
3190 2889 84 31 bouil-

2544 2928 83 30 leurs
2641 2928 39 30 de
2691 2927 67 31 crû.

2584 2966 45 31 M.
2646 2965 78 33 Jean
2740 2967 125 38 Dupuy,
2896 2967 142 32 ministre
3066 2968 38 30 de
3130 2969 146 38 l'agrioul-

2544 3009 67 27 tnre
2627 3007 130 35 répond.

2584 3045 44 32 Le
2643 3046 142 31 ministre
2797 3046 45 30 dit
2870 3056 58 30 que
2944 3047 28 30 le
3000 3052 242 33 gouvernement
3273 3057 17 21 a

2544 3085 56 30 fait
2615 3090 65 25 tout
2694 3094 34 21 ce
2757 3086 53 37 qui
2836 3087 73 28 était
2923 3094 39 21 en
2980 3096 56 21 son
3052 3087 131 37 pouvoir
3211 3096 80 30 pour

2544 3126 143 37 conjurer
2701 3128 31 27 la
2746 3125 78 31 crise
2842 3136 6 24 ;
2874 3126 22 28 il
2910 3135 17 20 a
2957 3126 112 30 obtenu
3098 3131 195 28 notamment

2544 3164 31 30 la
2594 3165 161 30 réduction
2771 3165 53 28 des
2839 3165 87 30 tarifs
2954 3165 38 31 de
3019 3169 171 34 transports
3217 3172 28 26 el
3273 3177 18 19 a

2544 3204 155 31 demandé
2713 3204 207 31 l'unification
2935 3206 43 30 du
2993 3206 71 30 tarif
3089 3215 53 21 sur
3157 3210 67 27 tous
3248 3208 44 30 les

2544 3246 138 30 réseaux.
2702 3244 83 28 Mais
2802 3244 21 28 il
2841 3253 38 21 ne
2895 3248 81 33 peut,
2993 3254 122 21 comme
3126 3255 39 21 on
3190 3248 28 28 le
3234 3247 40 30 de-

2544 3283 124 35 mande,
2687 3283 170 38 suspendre
2875 3285 28 30 la
2920 3285 178 38 perception
3110 3285 38 32 de
3158 3285 132 39 l'impôt.

2544 3322 78 31 Tout
2637 3332 34 21 ce
2687 3324 74 38 qu'il
2779 3327 71 34 peut
2863 3322 86 35 faire,
2968 3324 72 31 c'est
3057 3326 236 30 recommander

2544 3372 59 20 aux
2620 3371 106 30 agents
2741 3364 43 30 du
2798 3361 57 32 fisc
2870 3364 31 30 la
2919 3365 71 35 plus
3005 3365 119 35 grande
3139 3365 135 32 bienveil-

2544 3403 99 28 lance.

2583 3442 45 31 M.
2646 3442 115 31 Jourde
2776 3443 154 30 demanda
2946 3444 28 28 la
3002 3444 202 38 suppression
3239 3445 53 30 des

2543 3481 96 31 droit*
2655 3483 37 30 ds
2708 3482 122 31 doutne
2845 3491 59 28 que
2940 3493 56 20 no*
3031 3485 71 28 vin»
3138 3490 120 32 payent
3273 3487 18 27 à

2543 3522 176 37 l'étranger.

2583 3560 43 31 Le
2641 3561 142 30 miniilre
2798 3562 115 35 répond
2931 3570 59 30 que
3005 3561 72 31 c'est
3104 3570 61 22 une
3195 3572 74 30 quas

2544 3599 64 31 lion
2623 3601 141 34 délicate,
2781 3609 52 20 car
2849 3609 39 21 on
2904 3609 38 22 ne
2960 3606 83 33 peut,
3053 3602 94 33 dit-il,
3161 3604 110 30 deman-

2543 3640 54 30 der
2611 3650 60 21 une
2687 3640 181 30 concession
2884 3650 72 21 sans
2972 3643 85 28 avoir
3072 3644 17 27 à
3116 3644 119 30 donner
3253 3652 38 21 en

2543 3683 102 27 retour
2674 3680 133 37 quelqae
2843 3681 246 38 compensation.
3120 3681 25 30 Il
3176 3681 115 32 aborde

2543 3720 120 30 enanite
2679 3722 31 27 la
2724 3719 143 38 question
2880 3720 38 30 de
2941 3720 196 31 l'utilisation
3161 3722 38 31 de
3226 3722 52 31 l'al-

2543 3759 66 30 cool
2643 3759 78 31 dans
2743 3768 46 22 ses
2825 3759 138 32 diverses
2999 3762 213 37 applications
3247 3762 31 31 in-

2543 3800 188 34 dustrielles,
2748 3800 165 38 éclairage,
2934 3801 175 38 chauffage,
3133 3802 81 30 force
3229 3811 40 20 mo-

2544 3839 89 28 trio*.

2583 3878 43 32 Lf
2640 3883 243 33 gouvernement
2901 3888 18 20 a
2933 3880 141 35 institué,
3089 3881 79 31 dans
3183 3891 34 21 od
3234 3882 52 28 but

2543 3926 61 22 une
2639 3919 203 31 commission
2877 3920 135 30 d'étude.
3039 3920 63 31 Son
3132 3922 110 28 travail
3273 3931 18 19 a

2544 3958 69 38 déjt
2639 3959 105 30 abouti
2773 3964 18 24 a
2819 3958 53 31 des
2900 3961 144 28 résultats
3073 3961 161 30 sensibles.
3267 3961 25 30 Il

2545 4003 118 32 promet
2678 3998 119 31 ensuite
2812 3998 38 31 de
2862 3998 130 38 déposer
3005 4009 41 21 un
3060 4002 97 35 projet
3183 4002 37 30 de
3249 4002 41 28 loi

2544 4038 128 31 tendant
2687 4039 18 27 à
2719 4046 61 22 une
2799 4041 71 35 plus
2885 4039 168 38 énergique
3066 4041 172 38 répression
3256 4041 37 31 de

2544 4077 30 28 la
2589 4078 119 27 fraude.

2585 4116 45 28 M.
2650 4116 168 31 Morinaud
2835 4117 45 31 dit
2895 4126 59 30 que
2969 4119 72 30 c'est
3063 4120 19 28 à
3094 4117 146 40 l'Algérie
3255 4119 38 32 de

2545 4156 132 37 prendra
2693 4157 44 30 les
2753 4165 128 30 moyens
2897 4160 37 28 de
2949 4157 151 32 remédier
3130 4161 18 27 k
3164 4163 30 25 la
3222 4162 47 27 mé-

2545 4199 89 26 vente
2649 4195 37 30 de
2702 4204 47 21 ses
2765 4196 83 28 vins.

2594 4235 24 28 Il
2633 4235 152 30 demande
2800 4244 59 28 que
2881 4237 43 30 les
2950 4237 138 32 produits
3118 4238 37 31 de
3171 4239 28 28 la
3213 4238 60 31 Tur-

2544 4276 81 35 quie,
2643 4276 79 30 delà
2737 4276 107 35 Grèce,
2862 4276 38 31 de
2915 4276 170 39 l'E<pagae
3100 4279 98 28 soient
3215 4287 59 20 sou-

2548 4315 60 30 mis
2624 4323 60 21 aux
2702 4315 115 31 mêmes
2842 4316 86 30 tarifs
2955 4325 59 28 que
3044 4320 41 26 les
3105 4317 69 30 vins
3203 4318 72 28 fran-

2545 4354 76 37 çais.
2640 4354 38 31 Et
2694 4355 78 30 dans
2794 4363 33 22 ce
2843 4355 54 31 but
2920 4356 20 30 )1
2957 4359 112 33 dépose
3085 4367 43 20 un
3144 4358 97 37 projet
3257 4357 35 28 de

2545 4394 168 31 résolution
2727 4394 159 38 identique
2901 4397 18 26 k
2935 4397 79 28 oelui
3031 4397 76 32 qu'il
3123 4406 17 20 a
3155 4397 70 37 déjà
3242 4397 38 28 dé

2546 4435 72 35 posé
2636 4435 15 27 à
2667 4435 30 27 la
2713 4436 109 27 léance
2838 4436 40 27 du
2896 4434 38 31 20
2949 4436 133 28 octobre.

2585 4472 44 31 M.
2649 4473 132 31 Bourrai
2799 4474 45 30 dit
2859 4483 59 27 que
2933 4476 28 27 le
2978 4476 123 28 remèie
3125 4478 17 27 à
3168 4478 30 27 la
3214 4476 79 28 crise

2545 4520 32 22 ■a
2601 4518 105 25 trouve
2721 4513 77 30 dans
2815 4513 231 32 l'abaissement
3060 4515 53 30 des
3130 4515 86 30 larit'i
3241 4515 52 28 des

2546 4552 139 30 chemins
2713 4552 37 31 de
2777 4553 56 28 fer.
2849 4551 46 31 L?
2922 4554 64 34 vin,
3005 4554 97 34 dit-il,
3122 4563 37 22 ne
3174 4556 119 30 devrait

2545 4599 54 28 pas
2633 4600 96 27 paysr
2764 4592 71 37 plus
2869 4600 60 30 que
2959 4593 26 30 le
3013 4594 50 28 blé
3077 4598 30 26 el
3125 4594 30 28 la
3181 4594 111 30 farine.

2546 4630 112 30 L'Etat
2673 4632 129 34 devrait,
2832 4641 77 27 pour
2939 4633 163 37 appliquer
3128 4641 50 24 ces
3194 4641 80 24 mesu-

2546 4678 59 27 res,
2636 4670 85 30 aroir
2750 4671 28 28 le
2807 4672 164 35 monopole
3000 4672 53 30 des
3078 4672 142 31 chemins
3257 4672 35 30 de

2549 4709 57 30 fer.

2587 4748 45 30 La
2648 4749 78 30 suite
2743 4749 37 30 de
2794 4749 30 30 la
2839 4749 177 32 diioussion
3031 4752 39 30 de
3094 4752 183 37 l'interpella-

2546 4788 112 31 tienesi
2675 4789 111 30 remise
2799 4791 18 27 à
2831 4791 161 28 vendredi.

2584 4869 678 106 ©ÉISTAT

2939 5026 94 31 Paris,
3047 5024 33 27 22
3096 5022 163 30 novembre.

2587 5070 46 32 La
2647 5073 110 30 séance
2766 5075 45 27 eil
2826 5074 124 26 ouverte
2965 5072 15 26 à
2996 5069 18 28 3
3037 5069 122 32 heures,
3178 5076 71 20 sous
3266 5066 30 31 la

2548 5111 182 39 présidence
2744 5111 39 31 de
2805 5109 47 31 M.
2874 5109 124 30 Franck
3014 5108 182 30 Chauveau.

2585 5150 51 32 On
2652 5151 131 38 procède
2797 5159 39 20 au
2850 5150 97 37 tirage
2961 5157 40 20 au
3013 5152 63 25 sort
3090 5148 53 28 des
3155 5147 139 28 bureaux

2548 5191 70 37 pais
2633 5190 113 31 l'ordre
2761 5190 41 30 du
2819 5190 67 35 jour
2909 5189 123 37 appelle
3059 5189 31 27 la
3118 5186 177 28 discussion

2548 5231 43 28 do
2606 5230 97 37 projet
2726 5229 37 30 de
2790 5228 169 31 résolution
2987 5228 113 33 déposé
3129 5233 56 30 par
3211 5224 81 30 MM.

2550 5270 79 34 Piol,
2648 5268 141 31 Bernard
2804 5271 28 26 et
2848 5267 156 38 plusieurs
3019 5265 38 28 de
3084 5267 83 27 lears
3195 5265 80 27 collè-

2548 5319 73 27 gues
2635 5308 135 30 invitant
2784 5308 28 28 le
2833 5309 242 34 gouvernement
3105 5306 17 27 k
3151 5304 144 30 instituer

2548 5357 60 21 une
2623 5346 203 32 commission
2848 5343 340 39 extra-parlementaira
3201 5344 18 27 k
3231 5342 52 31 l'ef-

2548 5388 40 30 fet
2602 5388 37 30 da
2654 5387 146 37 procéder
2815 5388 17 26 à
2844 5394 61 21 une
2920 5385 91 31 élude
3024 5383 190 31 d'ensomble
3239 5391 53 21 sur

2548 5430 31 27 la
2594 5427 142 37 question
2752 5427 37 28 de
2817 5428 31 26 la
2870 5422 222 40 dépopulation
3119 5431 37 21 en
3169 5422 126 30 France

2548 5472 27 26 el
2591 5476 52 20 sur
2659 5467 43 27 les
2718 5473 132 28 moyens
2867 5464 37 32 de
2919 5465 31 30 la
2962 5464 180 31 combattre.

2588 5505 46 30 M.
2653 5506 139 28 Bernard
2806 5504 144 37 explique
2974 5505 200 35 longuement
3194 5502 102 37 l'objet

2549 5545 41 30 du
2607 5545 110 38 projet.

2588 5584 27 30 Il
2630 5588 119 26 montra
2760 5583 176 31 l'immense
2950 5583 118 37 danger
3090 5581 151 32 résultant
3257 5580 38 30 de

2548 5624 32 28 la
2607 5622 189 32 diminution
2824 5623 38 30 de
2891 5623 30 28 la
2949 5621 193 38 population,
3178 5620 117 37 danger

2548 5663 52 38 qui
2613 5667 56 30 est,
2686 5662 96 33 dit-il,
2800 5662 139 30 d'autant
2954 5662 70 37 plus
3033 5660 99 38 grand
3148 5668 58 28 que
3221 5660 73 27 chez

2548 5708 67 25 tous
2630 5704 44 28 les
2691 5704 128 34 peuples
2833 5701 130 34 voisins,
2976 5701 30 28 la
3019 5699 183 38 population
3219 5705 60 28 aug

2548 5747 102 25 mente
2663 5741 79 30 dan»
2757 5741 53 28 des
2826 5741 197 37 proportions
3039 5739 38 31 de
3089 5739 70 37 pins
3174 5745 39 24 en
3224 5737 70 38 plus

2548 5779 243 30 considérables.

2587 5882 52 65 A
2687 5876 569 71 L'ETRANGER

2786 5986 261 35 PORTUGAL

2546 6032 216 28 L'lncident
2790 6032 70 27 des
2888 6031 198 33 rellglenx
3119 6030 175 35 fronçai*

2581 6080 156 32 Lisboane,
2754 6079 33 27 2ï
2802 6078 164 28 neveosbre.
3031 6079 40 27 Le
3086 6079 135 26 miniitre
3246 6078 47 27 des

2546 6115 115 30 affaires
2687 6117 159 33 étrangères
2875 6122 17 19 a
2920 6115 128 33 présents
3063 6123 43 18 tes
3133 6116 104 32 regrets
3256 6119 37 21 an

2549 6151 135 27 miniitre
2698 6151 34 26 de
2746 6151 106 26 France
2869 6156 70 27 pour
2953 6149 30 27 la
3002 6149 220 28 manifestation
3250 6146 30 27 di-

2546 6184 76 35 rigée
2649 6190 97 24 oontre
2773 6185 73 26 seise
2871 6183 84 27 Pères
2989 6183 124 33 français
3129 6184 48 26 des
3201 6183 89 26 éeoles

2548 6221 181 28 ohrétiennes
2743 6229 31 19 se
2786 6219 122 28 rendant
2921 6227 35 19 en
2969 6217 132 37 Afrique,
3111 6222 28 26 et
3152 6217 141 35 auxquels

2548 6255 30 28 la
2591 6256 169 34 population
2776 6254 81 30 avait
2871 6255 56 33 jeté
2942 6254 47 27 des
3006 6254 116 34 pierres.

2839 6301 157 35 GRECE

2631 6346 194 30 Trnnblesi
2839 6353 139 26 (raves
2995 6346 24 26 à
3037 6346 174 26 Athènes

2583 6394 138 33 Athènes,
2738 6396 34 28 22
2787 6393 163 31 novembre.
3020 6392 109 35 Depnis
3156 6393 136 35 quelques

2548 6430 77 34 jours
2641 6432 28 26 la
2685 6431 168 34 pepulation
2870 6430 155 27 d'Athènes
3054 6430 99 34 s'agit»
3172 6430 104 26 violem-

2550 6469 79 24 ment
2643 6468 17 26 à
2675 6467 27 28 lk
2717 6467 76 27 suite
2806 6467 85 27 d'une
2906 6464 125 27 déoisioa
3061 6464 38 26 du
3129 6464 86 27 Saiat
3234 6463 37 33 Sy-

2550 6501 71 26 nede
2634 6502 174 27 interdisant
2832 6503 78 25 toute
2937 6500 163 27 tradnotioa
3130 6498 47 27 des
3197 6497 76 30 Evan-

2548 6535 83 35 giles.
2646 6535 54 31 Les
2721 6536 146 31 étudiants
2889 6535 157 28 réolauml
3069 6534 222 32 l'exeommuni-

3350 1280 94 26 oatioa
3457 1280 47 25 de»
3522 1280 188 26 traducteur».
3739 1280 72 26 Hier
3840 1287 38 19 an
3907 1281 125 32 ûioating
4062 1283 33 24 de

3350 1313 185 34 vingt-mille
3560 1322 151 25 personnes
3744 1323 15 19 a
3789 1323 33 19 an
3853 1316 73 27 lieu.
3959 1315 26 30 Il
4011 1323 18 20 a
4051 1317 44 26 été

3350 1350 43 25 «ai
3398 1349 28 26 vl
3444 1349 33 27 de
3493 1349 233 28 manifestation*
3741 1352 27 25 et
3783 1350 33 27 de
3827 1351 129 34 bagarraa
3967 1357 35 21 an
4015 1358 80 20 oouri

3348 1383 157 34 deiqneilei
3522 1384 21 27 il
3561 1391 50 26 ya
3625 1391 34 20 ea
3673 1387 63 32 aept
3764 1388 71 25 tué».
3868 1394 52 18 nne
3950 1385 145 27 trentaine

3347 1417 34 27 de
3398 1420 104 26 biaisé»
3511 1422 27 25 at
3549 1427 39 19 on
3604 1421 119 27 nombre
3750 1421 197 30 comidérable
3973 1422 34 27 da
4035 1429 46 27 per-

3351 1461 102 20 «onna»
3468 1455 230 28 contniionnéea.

3384 1489 40 26 La
3438 1489 104 27 remUe
3556 1492 47 25 dea
3619 1491 133 28 eadavraa
3768 1499 15 20 a
3797 1492 93 27 donné
3920 1492 57 28 liau
4005 1493 18 27 k
4046 1492 48 27 dea

3348 1525 96 26 «oène»
3459 1528 164 25 navrante».

3633 1572 175 37 SERBIE

3413 1616 53 27 La
3480 1618 113 26 relue
3607 1620 109 26 tente
3731 1620 51 26 «le
3796 1625 46 21 a©
3855 1619 175 26 aulelder

3383 1658 124 34 Vienne,
3537 1662 32 26 22
3595 1663 162 27 novembre.
3827 1662 37 28 Le
3878 1664 113 32 jouraal
4020 1664 56 26 hon-

3346 1695 76 34 grois
3437 1696 112 26 Zattat
3555 1704 26 22 a,
3612 1698 215 32 généralement
3855 1697 65 28 bmi
3952 1697 135 32 informé,

3347 1729 110 26 affirme
3470 1739 54 26 que
3544 1733 27 26 la
3587 1734 78 25 reine
3679 1733 94 35 Dragi
3789 1742 17 19 a
3820 1735 99 32 essayé
3931 1734 33 26 de
3983 1742 28 19 ne
4026 1734 46 26 soi-

3347 1765 77 27 oider
3438 1768 27 25 et
3484 1767 85 27 traite
3585 1768 26 26 le
3625 1768 128 27 démenti
3768 1769 93 26 donné
3875 1761 214 35 ôffieieilement

3347 1801 17 26 à
3379 1802 72 25 cette
3467 1804 133 25 nouvelle
3614 1801 33 27 do
3664 1809 13 18 «
3693 1805 74 26 farce
3789 1813 25 18 ».

3384 1835 39 27 Le
3437 1837 137 27 Xastaea
3588 1838 96 27 donna
3705 1839 34 27 de
3767 1840 154 27 l'inoident
3935 1840 30 26 la
3979 1839 112 27 venion

3347 1872 136 26 auivante
3498 1879 8 20 :

3385 1913 13 18 «
3416 1905 39 28 Le
3470 1906 40 28 roi
3527 1907 164 28 Alexandre
3703 1911 27 26 et
3744 1910 27 27 la
3787 1910 79 27 reine
3880 1910 93 34 Draga
3987 1918 30 18 ae
4031 1911 64 26 aont

3347 1944 137 31 querellés
3501 1943 194 28 violemment
3711 1944 15 27 k
3744 1944 143 34 déjeuner,
3905 1951 34 20 en
3959 1946 130 32 présence

3347 1978 33 25 de
3396 1977 74 27 deux
3483 1978 119 27 oQioiera
3619 1981 27 26 et
3660 1978 85 28 d'une
3774 1982 84 26 dama
3882 1981 162 27 d'honneur
4063 1980 32 27 de

3348 2011 30 27 la
3393 2013 86 32 reine,
3497 2014 109 27 invités
3621 2016 15 25 à
3652 2015 63 27 leur
3729 2014 87 30 table.
3833 2016 40 26 Le
3887 2016 41 26 roi
3957 2023 17 19 a
3997 2015 98 34 frappé

3347 2046 28 28 la
3391 2048 79 26 reine
3483 2049 17 25 à
3514 2049 28 26 la
3559 2049 96 34 figura.
3672 2049 133 32 Celle-si,
3827 2052 83 33 après
3939 2059 54 19 une
4023 2050 72 26 crise

3347 2081 34 26 de
3397 2082 113 32 larmes,
3528 2087 99 24 oonrat
3644 2086 15 26 k
3674 2093 48 18 son
3742 2086 119 27 boudoir
3876 2088 27 25 et
3920 2086 51 27 but
3986 2087 38 26 du
4037 2086 44 34 poi-

3347 2125 60 19 aon.
3424 2117 78 30 Mtis
3517 2120 132 26 aussitôt,
3667 2120 122 33 effrayée
3811 2120 50 27 des
3887 2121 208 33 conséquences

3346 2152 33 26 de
3394 2159 50 20 son
3461 2156 70 28 aote,
3548 2154 54 27 elle
3633 2156 94 27 revint
3757 2164 34 19 an
3822 2158 119 26 courant
3970 2158 71 25 dans
4067 2156 28 27 la

3346 2186 72 27 salle
3446 2189 17 26 i
3491 2196 129 27 manger,
3650 2191 94 27 c/iant
3761 2198 7 19 :
3785 2198 14 17 <
3815 2192 26 26 A
3857 2190 84 28 l'aide
3952 2190 7 28 !
3976 2198 103 20 sauvei-

3348 2223 57 26 moi
3423 2222 6 26 I
3446 2231 14 15 »

3383 2265 14 17 •
3418 2257 46 28 On
3493 2258 43 27 lui
3563 2258 177 30 administra
3767 2261 253 28 immédiatement
4048 2261 47 27 de*

3346 2293 143 28 antidotes
3504 2295 51 34 qui
3570 2295 28 27 la
3613 2297 163 31 sauvèrent,
3796 2297 73 26 mais
3885 2297 54 26 elle
3969 2298 43 25 est
4036 2303 43 19 res-

3346 2329 43 26 tée
3404 2329 141 32 plusieurs
3560 2329 100 28 heures
3674 2330 72 27 dans
3762 2339 39 20 un
3822 2333 57 27 état
3907 2333 32 26 de
3954 2331 141 34 complète

3347 2365 171 32 prostratian
3535 2372 26 21 ».

3352 2466 67 65 La
3463 2466 196 69 Guerre
3705 2470 65 63 du
3809 2469 281 65 Transvaal

3398 2587 239 30 L'Australie
3665 2589 137 27 refuse
3837 2590 207 34 d'envoyer

3593 2623 70 27 «le*
3683 2633 163 20 rcernes

3381 2668 137 34 Londres,
3534 2670 33 28 22
3582 2674 167 26 novembre.
3814 2674 64 28 Une
3906 2674 124 35 dépêche
4057 2674 40 27 de

3351 2704 119 35 Sydney
3487 2714 129 19 annonce
3628 2717 54 25 que
3697 2709 26 26 le
3735 2713 226 31 gouvernement
3991 2711 105 26 fédéral

3351 2744 157 25 australien
3524 2751 15 19 a
3555 2744 92 26 teinté
3663 2746 33 25 da
3709 2745 109 26 dosnsr
3844 2746 76 26 «Dite
3947 2747 14 25 i
3990 2746 27 26 la
4045 2746 33 26 de-

3351 2779 105 24 manda
3599 2779 33 26 de
3648 2786 110 20 reornes
3787 2780 72 26 dans
3888 2780 142 34 l'Afrique
4058 2780 39 26 du

3347 2810 63 28 Snd
3426 2811 48 34 qui
3493 2812 41 27 Ici
3549 2813 71 27 était
3635 2815 126 27 adresiée
3775 2823 51 26 par
3840 2817 40 26 les
3891 2817 137 27 autorités
4043 2816 38 27 mi-

3347 2846 110 28 litaires
3475 2848 209 35 britaoaiqus.

3384 2882 24 27 Il
3423 2883 111 26 déelare
3548 2883 71 34 qu'il
3638 2885 149 27 n'enverra
3813 2887 40 26 les
3869 2894 109 20 recrues
4004 2895 53 26 que
4072 2885 25 27 si

3347 2916 30 28 la
3391 2917 143 28 demande
3547 2928 34 18 en
3607 2922 41 25 est
3664 2921 70 27 faite
3758 2929 50 26 par
3822 2924 27 24 le
3874 2923 224 32 gouvernement

3357 2952 146 35 impérial.

3488 3001 138 34 Bravo,
3653 3002 59 27 le*
3737 3005 196 26 Irlandais
3947 3006 12 25 !

3384 3040 136 31 Londres,
3535 3040 35 27 32
3586 3044 164 27 novembre.
3816 3044 72 28 Hier
3900 3052 18 20 a
3943 3053 34 19 on
3994 3044 59 28 lien
4082 3045 17 27 k

3348 3072 125 37 Galway
3488 3076 150 35 (Irlande),
3656 3079 141 26 l'élection
3823 3080 67 25 d'an
3907 3080 104 32 député
4026 3080 17 26 à
4071 3079 28 28 la

3350 3110 149 28 Chambre
3527 3112 46 26 des
3607 3120 182 20 communs.
3827 3113 84 28 Deux
3948 3115 151 27 candidats

3348 3145 109 27 étaient
3472 3155 34 18 en
3524 3149 131 31 présenee
3671 3157 6 18 :
3696 3149 78 27 MM.
3790 3150 110 27 Horace
3915 3150 143 27 PJunkatt
4072 3151 27 26 et

3348 3180 113 34 Lynch.
3481 3182 38 27 Ce
3534 3183 123 28 dernier,
3687 3191 35 19 on
3750 3185 27 26 le
3806 3184 66 32 sait,
3902 3193 17 20 a
3947 3184 149 27 combattu

3347 3215 71 27 dans
3435 3216 40 27 les
3490 3224 84 28 rangs
3588 3217 46 27 des
3651 3217 86 28 Boers
3754 3222 97 25 contre
3863 3222 40 26 les
3915 3222 116 31 troupes
4048 3228 33 19 an-

3350 3250 113 34 glaises,
3497 3255 27 24 et
3560 3253 24 28 il
3615 3261 28 20 se
3677 3256 98 25 trouve
3808 3262 35 19 en
3876 3263 30 19 ce
3931 3259 130 24 moment
4083 3255 17 26 fc

3347 3285 96 28 Pari».

3386 3320 43 28 M.
3443 3321 104 34 Lynch
3575 3331 18 20 s
3619 3325 44 27 été
3690 3326 46 26 élu
3761 3333 50 25 par
3826 3324 80 34 1,247
3920 3326 67 27 voix
4004 3327 96 26 contre

3346 3354 52 27 473

3384 3392 26 26 A
3425 3399 31 19 ce
3470 3392 84 34 sujet,
3573 3393 26 26 1e
3612 3392 92 38 Daily
3718 3393 78 30 Mail
3807 3396 43 28 dit
3865 3404 54 27 que
3934 3396 32 27 M
3994 3396 102 34 Lynch

3347 3435 61 20 sera
3429 3429 86 31 plaoé.
3529 3430 57 26 lors
3600 3431 34 25 de
3663 3437 50 20 son
3742 3432 96 25 entrés
3867 3433 14 24 k
3911 3431 28 27 la
3952 3431 148 28 Chambre

3348 3463 48 26 des
3416 3470 180 21 communes,
3618 3465 72 26 dans
3719 3465 194 28 l'alternative
3941 3467 135 26 suivante
4091 3474 7 18 :

3386 3496 126 34 Lorsque
3540 3500 27 27 le
3594 3508 15 15 «
3625 3501 137 32 speaeker
3775 3510 13 14 »
3804 3502 43 27 lui
3867 3502 172 27 demandera
4069 3502 32 25 ie

3351 3533 60 26 dire
3443 3534 47 27 s'il
3514 3542 19 19 a
3560 3535 148 27 oombatiu
3737 3543 69 19 avte
3834 3536 138 27 l'ennemi
3997 3536 21 27 il
4039 3542 61 20 sera

3346 3568 76 26 foroé
3437 3568 33 26 de
3485 3569 137 33 répondre
3634 3570 50 26 oui
3698 3579 35 19 ou
3750 3579 69 19 non.
3844 3572 56 27 S'il
3915 3574 106 31 repond
4037 3572 61 32 oui,

3346 3601 25 27 il
3384 3611 64 20 sera
3463 3604 165 34 disqualifié
3644 3613 113 20 comme
3771 3607 104 33 député
3888 3613 8 26 ;
3921 3607 46 27 s'il
3992 3607 103 34 répond

3351 3646 66 19 non.
3435 3639 22 27 il
3475 3646 70 20 aura
3560 3641 43 26 été
3617 3641 47 26 élu
3678 3648 50 20 sur
3742 3641 48 26 des
3817 3643 196 33 suppositions
4043 3650 54 19 non

3345 3672 150 33 justifiées.

3352 3782 220 85 REVU
3604 3782 87 85 M
3728 3787 80 83 LA
3843 3787 248 83 MESSE

3523 3926 162 33 L'élection
3709 3930 38 28 du
3777 3927 145 32 Finistère

3391 3983 57 34 Du
3476 3983 135 44 Temps,
3633 3993 57 24 ces
3710 3984 184 34 réflexions
3928 3985 61 41 qui
4010 3994 86 24 noue

3347 4028 191 41 paraissent
3552 4030 211 39 empreinies
3778 4030 43 33 de
3841 4030 66 33 boa
3925 4030 174 35 sens,sauf

3347 4081 43 22 en
3411 4081 38 22 ce
3468 4071 60 43 qui
3550 4082 167 22 concerne
3737 4074 33 32 la
3798 4072 234 43 personnalité
4054 4074 43 32 de

3347 4114 211 34 l'honorable
3579 4115 50 33 M.
3664 4115 151 45 Dangay
3853 4117 60 32 des
3938 4116 156 38 Dâserès,

3347 4160 129 41 auquel
3502 4160 30 32 le
3561 4160 138 41 journal
3737 4161 150 41 parisien
3926 4161 165 43 applique

3348 4204 256 33 inexactement
3665 4204 32 33 la
3756 4205 239 41 qualification
4051 4206 43 31 de

3352 4257 14 21 «
3390 4247 367 33 franc-réactionnaire
3781 4258 15 20 »
3819 4258 9 24 :

3384 4311 43 28 M.
3444 4312 91 27 l'abbé
3550 4311 148 35 Gayraud,
3716 4313 100 32 dépntt
3848 4313 183 34 républicain
4050 4320 31 20 ca-

3348 4348 131 34 tho.iqae
3494 4349 38 26 du
3548 4349 139 26 Finixèro.
3705 4350 15 26 à
3737 4350 27 26 1»
3789 4350 76 26 anita
3894 4350 34 26 de
3957 4349 137 27 l'élaction

3348 4383 35 26 de
3399 4383 41 27 M.
3459 4382 139 35 Porquier
3613 4391 113 19 oomms
3750 4385 133 25 séaalear
3912 4387 32 24 d«
3973 4393 48 18 «ou
4051 4383 31 27 dé-

3351 4421 161 30 partement
3539 4427 17 18 a
3581 4427 33 18 en
3645 4427 56 18 uao
3729 4421 56 25 iris
3815 4420 149 27 mauvaise
3993 4427 92 25 presse

3351 4453 74 27 C'oft
3442 4454 27 26 la
3484 4461 93 26 presse
3593 4454 33 26 da
3639 4454 90 26 drsite
3754 4454 28 27 la
3809 4461 92 26 prease
3933 4454 144 27 monarehi-

3350 4496 54 25 qn*
3419 4489 26 25 et
3463 4488 139 30 cléricale,
3620 4489 50 33 qai
3685 4495 18 18 a
3726 4491 44 25 été
3801 4489 117 27 terrible
3946 4498 70 25 pour
4043 4489 53 26 lai.

3351 4522 66 28 Elle
3431 4524 38 27 l'a
3483 4526 182 31 galamment
3690 4526 99 25 aocnsé
3816 4525 110 26 d'avoir
3952 4525 79 27 trahi
4045 4532 51 19 «on

3352 4565 72 26 paya
3438 4560 28 25 et
3483 4558 77 27 renié
3574 4566 50 19 son
3640 4558 72 27 Dieu
3742 4558 46 27 On
3803 4559 38 27 l'a
3866 4561 119 24 aoavent
4013 4566 66 19 eoas-

3352 4594 59 25 taté
3428 4600 6 18 :
3450 4592 22 27 il
3489 4593 48 33 n'y
3552 4602 17 19 a
3582 4602 53 25 qua
3652 4594 39 25 les
3706 4594 143 26 cléricaux
3866 4594 33 26 da
3927 4593 168 34 profession,

3352 4628 97 35 quand
3463 4628 37 28 ils
3515 4630 43 31 s'y
3574 4630 131 28 mettant,
3737 4637 70 25 pour
3835 4629 123 33 injurier
3985 4630 15 25 à
4028 4630 69 26 fond

3352 4670 39 19 un
3409 4663 106 32 évâque
3530 4670 35 19 ou
3581 4670 39 19 un
3638 4663 99 32 prêtre.
3756 4663 164 30 Comment,
3947 4670 71 19 voui
4046 4664 33 25 de-

3350 4697 148 26 manderez
3517 4704 78 24 voua,
3633 4696 45 27 M.
3711 4698 91 26 l'abbé
3835 4696 137 34 Gayraud
4000 4698 81 27 a-t-il

3350 4733 122 26 commi»
3488 4734 66 25 d'un
3569 4733 61 26 aeul
3646 4741 72 25 coup
3729 4735 72 25 celte
3815 4734 102 26 double
3932 4731 159 35 apoataaie?

3350 4767 145 27 Aarait-il
3509 4767 57 33 jeté
3581 4769 26 25 le
3621 4768 58 25 froe
3704 4775 56 18 aux
3789 4767 86 27 ortiee
3904 4770 26 22 et
3959 4768 92 32 quitté
4068 4769 28 26 la

3351 4801 110 28 Fratiea
3475 4811 70 26 poar
3560 4805 133 24 «enrôler
3709 4805 70 25 dan*
3796 4806 40 22 les
3866 4802 136 27 million*
4032 4806 41 25 mé-

3354 4837 139 28 tba.ilatee
3509 4835 169 37 anglaiiea?
3699 4837 66 28 Non
3783 4845 58 26 paa,
3874 4838 72 27 maii
3976 4846 30 19 ea
4024 4839 72 33 qu'il

3352 4880 15 19 a
3385 4872 52 27 fait
3452 4876 41 24 ait
3515 4873 64 32 plus
3594 4880 84 27 grave
3693 4880 98 19 encore
3807 4879 57 20 aux
3893 4879 74 26 yeux
3983 4873 32 27 de
4043 4881 48 19 noi

3353 4909 70 27 boni
3439 4909 209 27 monarahiitea
3665 4907 44 27 :il
3724 4916 15 19 a
3754 4910 64 25 voté
3846 4916 71 27 pour
3945 4907 44 28 M.
4024 4910 52 27 Por-

3352 4944 92 33 quier.

3385 4977 44 28 M.
3445 4977 92 28 l'abbé
3552 4976 136 35 Gayrauâ
3704 4985 14 19 a
3733 4977 66 28 bien
3830 4984 40 20 vu
3900 4978 27 27 la
3956 4978 138 27 difficulté

3352 5014 33 27 de
3400 5015 28 26 la
3443 5013 131 35 question
3588 5015 38 25 du
3639 5011 177 28 ralliement.
3835 5013 77 35 Trop
3935 5014 33 26 de
3993 5014 98 27 ralliés

3351 5050 50 25 ont
3416 5049 46 33 agi
3478 5048 33 26 de
3527 5048 80 32 façon
3621 5048 18 26 à
3652 5048 72 26 faire
3737 5048 109 30 douter,
3863 5056 34 18 ea
3913 5048 74 31 effet,
4005 5048 85 26 sinou

3351 5083 33 27 de
3398 5083 28 27 la
3444 5082 136 27 sinoérité
3641 5091 31 19 ce
3687 5091 34 18 na
3736 5085 86 26 aérait
3850 5092 47 24 pas
3920 5083 124 26 coartois

3352 5126 35 19 au
3405 5118 93 27 moins
3515 5118 33 27 de
3562 5119 28 26 la
3606 5118 113 27 solidité
3733 5119 34 26 de
3782 5119 60 26 leur
3855 5118 241 34 républicanisme

3351 5153 70 26 frais
3435 5152 84 27 éclos.
3535 5152 24 27 Il
3574 5152 87 26 serait
3686 5153 141 26 désirable
3855 5153 87 34 qu'ils
3970 5153 124 33 prissent

3350 5191 63 25 tous
3430 5187 106 26 modèle
3556 5193 48 20 snr
3620 5187 27 27 la
3661 5187 135 27 conduite
3810 5191 84 22 tenoe
3912 5196 48 24 par
3987 5189 25 26 la
4038 5189 33 25 dé-

3352 5224 66 32 puté
3432 5223 38 26 du
3485 5222 141 27 Finistère
3640 5228 27 21 et
3678 5231 43 18 nés
3736 5224 73 26 ami*
3824 5224 71 25 daas
3920 5224 27 25 la
3961 5223 129 26 dernière

3351 5257 119 27 élection
3485 5257 180 27 sénatoriale.
3681 5256 112 35 Malgré
3809 5261 70 27 tout,
3901 5256 21 28 (1
3952 5265 19 25 y
3999 5257 96 27 aurait

3351 5293 125 33 toujours
3491 5291 47 27 des
3555 5291 136 28 radiaaux
3720 5293 174 27 sourcilleux
3913 5300 69 26 pour
4007 5294 73 33 préfé-

3351 5335 43 19 rer
3407 5335 39 19 un
3458 5328 80 26 franc
3555 5328 207 26 réactionnaire
3776 5329 15 25 k
3807 5335 38 19 un
3861 5327 181 34 républicain
4058 5328 24 26 li-

3351 5362 86 31 béral,
3451 5370 39 18 un
3507 5361 125 35 Danguy
3646 5363 48 26 des
3711 5362 112 28 Déaeits
3843 5363 70 26 àun
3945 5361 148 35 Porquier,

3352 5400 26 26 et
3394 5404 70 28 poar
3482 5400 146 31 maugréer
3641 5400 97 25 contre
3762 5399 40 26 les
3831 5398 180 27 ralliements
4038 5399 38 26 ml-

3353 5440 44 18 *ie
3411 5433 40 26 lea
3463 5433 65 33 plus
3542 5433 131 26 évidents
3702 5437 27 22 et
3757 5433 39 26 les
3823 5432 99 26 oûeux
3944 5432 146 33 éprouvés.

3352 5467 78 27 Mail
3444 5470 72 26 oatte
3533 5467 139 35 politique
3686 5467 169 28 batailleuse
3883 5471 27 22 et
3926 5469 168 26 rancunière

3352 5504 71 26 n'eat
3437 5503 144 27 conforme
3598 5504 30 26 ni
3644 5510 56 20 aux
3716 5511 86 19 voeux
3816 5503 38 26 du
3870 5510 79 26 paya,
3966 5502 76 34 épris
4057 5503 35 26 de

3351 5538 144 31 concorde,
3513 5537 30 27 ni
3559 5545 56 19 aux
3631 5537 154 28 véritablea
3801 5538 115 25 intérêts
3945 5537 33 26 de
3993 5538 28 25 la
4037 5537 35 26 Ré-

3351 5572 148 34 publique,
3515 5572 61 34 qui,
3599 5572 25 27 ai
3652 5571 65 30 bien
3745 5572 137 26 défendue
3909 5571 104 34 qu'elle
4037 5571 56 28 soit

3351 5615 50 26 par
3415 5608 41 27 lea
3470 5608 213 33 ehevau-légera
3711 5608 34 27 de
3759 5608 281 32 l'extréme-gaoche,
4058 5615 34 19 ne

3351 5650 60 19 aera
3436 5644 135 30 pourtant
3598 5642 106 33 jamais
3733 5641 97 28 mieux
3861 5649 33 19 en
3924 5642 92 26 lûreté
4038 5648 56 27 que

3351 5679 111 33 lorsque
3476 5678 27 27 le
3517 5678 155 33 loyalisme
3685 5685 102 19 envers
3815 5678 26 26 la
3868 5676 105 34 régime
4000 5676 89 27 établi

3350 5720 61 19 aera
3426 5714 27 25 la
3470 5713 72 32 régie
3561 5712 33 27 de
3609 5714 63 25 tous
3699 5713 41 26 lea
3768 5712 145 33 Français,
3930 5717 112 21 comme
4069 5712 22 27 il

3350 5746 63 28 l'est
3426 5747 33 26 da
3474 5750 64 24 tous
3552 5747 41 26 lea
3612 5747 129 33 citoyens
3750 5746 34 27 da
3796 5747 28 27 la
3840 5747 116 33 plupart
3971 5745 46 27 dej
4032 5753 37 20 au-

3350 5784 56 24 tres
3420 5781 125 26 nations.

3502 5830 39 31 La
3561 5829 66 32 vote
3650 5829 56 32 dea
3724 5830 215 39 pogresshtas

3392 5885 51 32 La
3463 5882 231 45 République,
3718 5894 126 33 organe
3873 5887 40 31 de
3946 5884 50 33 M.
4015 5884 52 34 Mâ-

3348 5928 70 34 tine
3437 5930 34 32 et
3493 5930 60 31 des
3572 5929 231 41 républicains
3834 5929 253 43 progressiste»,

3350 5973 111 33 donne
3494 5981 44 25 au
3566 5972 92 44 sujet
3691 5973 46 33 du
3769 5974 78 31 vote
3866 5972 60 33 des
3945 5972 145 44 députés

3348 6017 47 33 du
3416 6018 116 32 centre
3547 6017 85 33 dans
3656 6015 32 34 la
3711 6017 190 33 discussion
3934 6017 43 33 de
3997 6017 76 33 l'em-

3348 6063 107 39 prunt
3482 6060 132 33 chinois
3634 6059 48 35 les
3702 6059 227 43 explications
3948 6060 120 34 suivan-

3348 6107 52 30 tes
3422 6105 61 43 qui
3502 6104 221 33 corroborent
3746 6113 41 22 en
3813 6103 185 34 excellents
4018 6106 53 31 ter-

3347 6157 73 22 mes
3441 6149 30 32 ta
3489 6148 136 33 demies
3647 6146 119 34 article
3794 6146 41 33 de
3862 6149 100 32 notre
3981 6148 90 34 direc-

3348 6193 78 33 teur
3448 6201 11 25 :

3383 6252 24 28 Il
3423 6261 18 25 y
3457 6261 14 19 »
3500 6259 58 21 une
3581 6252 151 27 difïirence
3746 6252 17 26 k
3777 6250 71 27 faire
3861 6254 78 26 entra
3953 6252 41 27 les
4010 6260 61 27 ques-

3348 6288 77 28 tions
3442 6288 158 27 national**
3615 6291 27 24 et
3659 6287 39 27 le*
3713 6286 145 34 question»
3875 6288 163 34 politique*.

3380 6322 110 28 Faut-il
3507 6330 144 20 renverser
3664 6322 26 26 le
3704 6321 150 28 miniitire
3868 6320 15 30 ?
3946 6322 138 32 Question

3348 6358 150 35 politique.

3381 6393 110 28 Fant-il
3508 6392 150 28 oontlnu*r
3672 6392 15 26 k
3704 6392 125 34 protéger
3854 6393 40 27 le*
3909 6392 176 35 oatholiqnas

3346 6435 35 20 •n
3403 6428 104 30 Orient
3520 6426 15 27 ?
3598 6426 139 32 Qaettiou
3757 6428 155 28 national*.

3381 6463 123 35 Lonqaa
3533 6462 26 27 le
3587 6461 149 28 ministère
3763 6462 180 37 l'embuique
3966 6462 119 27 derrière

3347 6506 54 20 une
3413 6498 131 39 qu»*tion
3561 6496 156 34 nationale,
3732 6496 22 30 il
3770 6498 63 27 faut
3856 6500 117 33 prendra
4000 6496 86 35 garde

3346 6533 33 30 de
3393 6542 37 21 ne
3456 6541 51 30 pu
3534 6533 146 34 s'exposer,
3698 6540 71 28 pour
3796 6533 170 35 l'Atteindre,
3980 6534 17 28 k
4011 6540 74 21 corn*

4149 1293 154 28 promettre
4318 1292 39 26 les
4374 1292 117 26 intérêts
4505 1292 39 28 du
4559 1300 81 26 pays.
4657 1293 96 28 Est-ce
4768 1303 53 28 qua
4837 1296 56 27 l'on

4148 1325 111 27 aourait
4284 1332 30 20 oe
4342 1326 103 33 risque,
4463 1329 71 25 dajs
4558 1330 30 26 la
4615 1330 161 27 di*au*sion
4800 1331 92 26 d'hier

4148 1368 50 19 sur
4212 1361 157 33 l'emprunt
4383 1363 138 26 obinois?
4584 1363 69 33 Oui,
4667 1371 67 20 sans
4762 1365 93 28 doute.

4183 1395 41 27 La
4252 1396 170 33 diplomatie
4448 1398 163 27 allemande
4637 1402 27 25 et
4680 1401 30 26 la
4722 1400 171 35 diplomatie

4148 1429 142 28 italienne
4304 1435 64 22 sont
4383 1434 54 25 trèa
4452 1433 155 28 atteatives
4622 1442 48 19 sur
4689 1442 31 19 ae
4749 1435 76 33 anjat
4841 1443 7 24 ;
4865 1440 27 22 et

4148 1467 69 26 elles
4246 1474 34 19 ne
4307 1468 234 27 demanderaient
4571 1478 47 25 pas
4650 1469 98 28 mienx
4774 1479 56 26 que
4859 1470 34 28 da

4150 1501 117 32 poQTeir
4283 1501 168 34 interpréter
4465 1507 100 31 auprès
4580 1505 39 27 du
4630 1505 124 28 Vatioaa
4770 1514 39 19 no
4826 1509 65 24 vote

4148 1537 142 26 contraire
4303 1538 17 27 k
4335 1538 28 27 la
4377 1538 137 28 tradition
4532 1540 139 32 fraaçaiia
4695 1546 27 21 et
4747 1541 17 27 k
4781 1541 30 26 la
4825 1541 50 27 doc-

4148 1572 77 26 trine
4239 1573 137 26 soatenue
4391 1580 50 25 par
4463 1574 26 26 le
4517 1579 234 30 gouvernement.
4768 1576 79 35 Déjk,
4865 1579 27 25 la

4149 1605 109 28 Franee
4272 1615 18 25 y
4305 1610 41 25 est
4362 1612 129 30 suspecte
4520 1618 48 22 par
4590 1611 74 26 suite
4691 1611 48 26 dee
4768 1619 123 19 mesures

4149 1642 90 33 prise*
4267 1644 96 26 centre
4388 1644 40 26 les
4455 1645 224 33 congrégations.
4703 1645 25 27 Il
4755 1651 43 21 est
4827 1648 64 32 pins

4148 1677 69 26 d'un
4232 1677 157 33 diplomate
4404 1687 34 18 en
4455 1678 106 28 camail
4578 1688 83 26 rouge
4675 1682 51 33 qai
4752 1683 138 33 s'apprête

4148 1711 17 27 k
4181 1713 110 32 («rcSter
4306 1714 34 26 de
4356 1721 48 19 nos
4422 1714 143 28 moindres
4577 1716 91 26 fautes
4684 1723 71 25 pour
4768 1721 124 30 reporter

4148 1748 17 25 k
4192 1747 122 27 d'autres
4344 1748 163 33 puiisauces
4535 1750 25 26 le
4585 1750 138 34 privilège
4737 1752 70 27 dont
4821 1760 71 19 nous

4148 1781 91 27 tirons
4259 1791 39 18 un
4313 1783 24 25 si
4355 1785 89 30 çrand
4459 1786 83 32 profit
4559 1794 66 25 pour
4645 1787 26 26 le
4683 1791 210 30 rayonnement

4148 1817 34 27 de
4206 1820 79 25 notre
4299 1818 143 28 influence
4457 1824 72 22 daas
4544 1820 27 26 2e
4586 1821 113 26 monde.

4185 1852 41 27 M.
4258 1852 143 28 Waldeclt
4420 1853 145 30 Ronsseau
4592 1857 67 26 s'est
4689 1859 111 25 montré
4837 1859 57 25 très

4149 1886 161 35 énergique,
4329 1896 81 27 parce
4437 1890 72 34 qu'il
4525 1892 106 26 sentait
4645 1892 33 26 de
4693 1899 31 19 ce
4735 1893 60 26 cOlé
4809 1893 85 26 venir

4149 1931 38 19 un
4206 1925 54 25 réel
4277 1924 115 33 danger.

4183 1959 90 32 Après
4290 1959 59 26 cela
4364 1968 71 19 nous
4449 1961 176 27 demandons
4641 1970 56 19 aux
4714 1963 130 27 hommes
4859 1964 34 26 de

4153 1993 52 27 bon
4222 2002 64 18 sens
4302 1994 25 27 si
4342 2002 39 19 un
4397 1996 74 33 parti
4487 1996 51 33 qui
4550 1996 81 27 vient
4644 1998 18 25 à
4674 1997 81 33 peina
4767 1997 33 28 ds
4814 1998 61 34 quit-

4149 2030 43 25 ter
4205 2029 26 26 le
4246 2029 126 32 pouvoir,
4389 2034 27 22 et
4430 2030 51 34 qui
4493 2034 66 32 prot
4585 2033 25 26 le
4637 2035 155 32 réoeoaper,
4825 2042 51 26 pou-

4152 2063 71 30 vait,
4239 2072 33 18 en
4290 2073 56 18 une
4361 2068 194 25 olrcosstanoa
4570 2068 77 26 aussi
4663 2068 131 26 sériause.
4813 2073 80 22 voter

4148 2101 98 24 coatre
4259 2100 26 26 le
4298 2105 234 28 gouvernement,
4548 2102 174 26 condamner
4739 2105 26 25 la
4779 2104 96 27 doctri-

4152 2140 34 19 ne
4200 2133 72 34 qu'il
4287 2139 115 28 partage
4417 2145 14 17 e
4459 2137 138 26 favoriser
4619 2138 40 26 les
4687 2138 126 27 desseins
4844 2140 48 26 dee

4148 2169 132 27 ennemis
4297 2171 33 25 de
4344 2171 30 26 la
4388 2170 107 28 Francs
4512 2179 69 26 pour
4596 2172 28 26 ia
4651 2172 86 27 vaine
4767 2173 115 32 satisfac-

4152 2204 61 27 tion
4232 2204 32 27 de
4279 2206 102 26 mettre
4396 2206 26 25 le
4448 2211 226 28 gouvernement
4701 2216 34 19 en
4763 2209 135 27 fâcheuse

4150 2239 125 34 posture.

4187 2274 79 28 Cotte
4281 2276 94 26 raison
4393 2276 112 27 devrait
4532 2277 93 26 snffire
4654 2284 70 27 pour
4748 2278 150 34 expliquer

4150 2309 144 26 l'attitude
4309 2310 38 27 du
4363 2311 74 33 parti
4455 2316 182 30 progiea«:ata
4650 2321 6 22 ;
4675 2314 73 27 maia
4765 2315 22 26 il
4800 2322 19 26 y
4834 2322 35 19 en
4880 2322 18 20 a

4152 2344 122 26 d'autres
4289 2354 6 17 :

4186 2378 41 30 M.
4246 2380 94 28 Eibot.
4356 2389 33 18 en
4407 2381 131 27 invitant
4552 2382 26 26 le
4592 2381 115 28 oabinet
4735 2385 18 25 à
4766 2385 128 26 soutenir

4152 2414 28 26 ia
4211 2415 139 34 politique
4376 2417 217 28 traditionnelle
4617 2418 33 26 de
4680 2419 27 27 la
4722 2418 109 28 Franc*
4858 2427 33 19 en

4149 2448 113 33 Orient,
4278 2452 92 25 s'était
4384 2454 115 31 eucagé,
4514 2460 37 19 an
4567 2460 67 19 nom
4651 2453 15 26 i
4677 2463 6 17 i
4697 2461 44 18 ses
4755 2454 85 30 aula,
4872 2457 18 25 k

4154 2492 34 19 ne
4206 2492 47 25 pas
4271 2485 86 26 mller
4385 2487 14 25 k
4428 2491 72 22 eatte
4527 2489 130 33 question
4687 2489 25 26 ai
4739 2489 87 27 haute
4851 2490 47 26 des

4154 2520 233 34 préooeupations
4401 2519 109 30 d'ordre
4535 2523 146 34 politique,
4714 2528 26 22 et
4755 2526 17 24 h
4796 2531 35 20 ne
4847 2531 51 26 pas

4153 2558 78 24 voter
4246 2558 97 25 contre
4357 2558 26 25 le
4396 2559 235 30 gouvernement.
4649 2557 145 28 Fallait-il
4817 2559 66 27 désa-

4150 2596 86 20 vouer
4252 2590 41 27 M.
4311 2590 104 28 Ribot?

4187 2624 73 30 C'est
4277 2627 15 26 k
4307 2629 78 25 notre
4401 2628 130 27 éminent
4545 2628 60 27 ami
4635 2630 27 25 6t
4689 2629 67 26 o'eat
4782 2628 18 27 à
4815 2630 81 26 notre

4153 2660 73 34 parti
4243 2668 53 26 que
4311 2662 150 27 reviendra
4476 2662 152 27 l'honneur
4656 2663 110 27 d'avoir
4794 2672 99 20 encore

4152 2698 87 25 sauvé
4257 2696 27 27 la
4298 2696 137 27 tradition
4462 2706 34 19 en
4526 2700 133 26 aaaulant
4689 2700 26 25 le
4741 2707 141 26 gouverne-

4154 2734 79 24 casut
4247 2740 56 18 aax
4318 2733 189 26 déclarations
4522 2733 71 33 qu'il
4610 2735 65 25 s'est
4689 2741 38 19 va
4755 2735 73 26 forcé
4863 2737 34 25 de

4153 2766 71 27 faire
4240 2773 70 27 peur
4324 2774 149 20 conserver
4487 2776 32 20 sa
4534 2769 142 33 majorité.

4187 2799 22 28 Il
4224 2802 61 27 faut
4299 2802 146 28 d'aillear*
4461 2811 163 26 ramarqu:r
4637 2811 56 28 que
4707 2805 28 26 ia
4761 2805 133 33 majorité

4154 2837 203 27 ministérielle
4371 2845 35 19 ne
4429 2839 65 25 s'est
4522 2846 50 26 pis
4597 2839 171 34 désagrégés,
4786 2848 113 19 comme

4152 2880 35 19 on
4205 2872 99 27 l'avait
4318 2875 130 25 annoncé
4475 2872 43 27 En
4543 2874 74 31 effet,
4633 2875 71 27 dans
4734 2877 26 25 la
4788 2876 110 26 scrutin

4153 2907 50 35 qui
4220 2909 102 26 toneho
4336 2916 35 19 an
4387 2909 130 33 principe
4533 2910 92 25 mime
4641 2909 33 27 de
4697 2910 28 26 la
4742 2911 156 32 protection

4154 2944 46 24 des
4218 2943 178 34 catholiques
4411 2947 26 24 st
4453 2952 56 19 aux
4525 2944 99 27 traités
4639 2944 50 40 qui
4715 2948 141 32 engagent
4871 2947 28 26 la

4153 2979 148 33 signature
4316 2981 33 24 de
4363 2980 30 27 la
4409 2979 107 28 Franea
4531 2981 139 26 via-k-via
4694 2980 47 27 des
4765 2981 117 33 puissan-

4154 3021 43 19 ce'
4211 3014 168 33 étrangères,
4396 3015 26 26 le
4436 3020 224 28 gouvernement
4683 3022 18 20 a
4728 3015 105 27 obtenu
4846 3014 53 28 361

4155 3047 65 27 voix
4232 3056 6 24 ;
4254 3047 22 28 il
4292 3050 116 27 l'aurait
4435 3052 72 24 dose
4535 3052 135 33 emporté,
4689 3052 92 25 même
4809 3051 24 27 si
4859 3053 40 25 Ise

4155 3084 194 34 républicains
4365 3086 194 32 progressistes
4580 3085 116 26 avaient
4724 3085 56 27 fait
4807 3086 77 25 défec-

4154 3118 72 27 tion.
4244 3118 79 28 Ceux
4341 3119 25 26 ci
4397 3119 161 28 n'auraient
4590 3122 99 30 réussi,
4714 3129 34 19 an
4778 3129 120 22 somme,

4154 3156 65 32 qu'k
4233 3162 28 19 se
4277 3155 70 26 faire
4362 3156 168 32 surprendre
4545 3163 33 19 en
4604 3156 209 26 contradiction
4828 3164 69 19 avee

4154 3191 63 25 tous
4232 3190 76 26 iears
4324 3190 152 32 prinoipes.
4494 3197 69 19 avec
4578 3190 76 27 leurs
4682 3198 112 25 propres
4808 3190 77 27 décla-

4155 3223 118 31 rations,
4285 3233 69 18 avec
4370 3227 73 24 leurs
4459 3229 211 30 engagements,
4684 3233 69 27 pour
4768 3234 56 19 une
4838 3234 41 19 œu-

4155 3267 48 18 vre
4218 3259 221 32 d'impaissante
4453 3268 136 19 ranauee.

4189 3294 38 28 C»
4243 3294 102 27 chiffre
4357 3295 32 26 de
4403 3294 52 26 365
4472 3295 67 26 voix
4553 3296 65 26 s'est
4645 3299 129 24 retrouvé
4800 3295 83 34 provi-

4155 3330 217 27 dentiellement
4388 3338 34 19 au
4439 3331 67 26 foad
4520 3331 46 26 des
4578 3339 85 19 urnes
4690 3331 25 27 II
4729 3334 43 24 est
4787 3339 111 19 comme

4155 3372 56 19 une
4238 3365 214 27 oaaiiit'utation
4481 3366 47 25 des
4559 3366 63 33 plus
4648 3366 132 33 profonda
4807 3366 78 26 senti-

4155 3403 94 24 ment*
4259 3400 34 25 de
4306 3402 28 26 la
4350 3400 110 27 Dation.
4478 3400 22 26 Il
4515 3400 91 34 surgit
4616 3400 71 27 d»ns
4701 3403 38 24 les
4757 3405 143 24 moments

4155 3437 152 25 solennels.
4330 3436 74 27 C'est
4434 3437 25 26 la
4486 3437 138 26 bataillon
4654 3437 48 33 qui
4720 3437 104 33 répond
4839 3444 58 20 aux

4155 3472 145 32 suprêmes
4329 3472 107 32 appels,
4455 3471 112 33 lorsque
4594 3471 27 27 le
4650 3477 123 28 drapeau
4794 3476 43 22 cet
4851 3481 33 18 en-

4155 3513 76 26 gage

4244 3613 567 122 RENNES

4193 3790 50 25 Le
4272 3793 126 31 temps
4428 3791 92 34 qu'il
4545 3791 85 28 fait.
4696 3795 206 27 Gbiervaliona

4156 3824 35 27 de
4206 3823 34 27 32
4252 3828 163 26 novembre.
4486 3827 112 28 Manon
4618 3828 91 27 Bloda
4741 3837 46 20 rue
4805 3830 81 28 Natio-

4160 3862 73 25 nale.
4298 3861 130 28 Haut-ar
4443 3862 209 35 barométrique
4668 3872 8 20 :
4775 3879 14 6 -
4809 3865 74 30 Tber-

4159 3898 138 27 morrAtr»
4311 3901 8 20 :
4335 3899 17 26 k
4383 3896 17 27 9
4426 3900 39 31 b.,
4498 3899 17 26 9
4534 3906 9 26 ;
4573 3900 130 28 oiaxlma
4733 3899 32 28 13
4776 3908 6 24 ;
4811 3902 73 27 mini-

4161 3939 53 19 er».
4231 3932 17 26 G

4188 3966 60 27 Ci«l
4265 3970 128 28 couvert,
4409 3971 193 33 température
4617 3970 98 28 douce.

4194 4004 53 24 •élit
4293 4004 137 26 iw.nd.-nr
4543 4007 193 27 *a)our<j'nal
4768 4007 129 31 ïameii,

4152 4035 34 27 23
4202 4037 161 32 novembre,
4382 4038 78 27 laint
4472 4038 149 30 Clément.

4191 4071 90 28 Soleil
4298 4083 7 17 ;
4335 4074 84 28 lever,
4435 4074 18 26 7
4482 4082 27 19 c.
4538 4075 34 26 2i
4584 4084 7 22 ;
4618 4076 131 32 coucha»,
4782 4076 15 26 4
4828 4078 53 26 heu-

4156 4114 40 20 re*
4218 4106 34 28 10
4269 4127 8 7 .

4189 4141 81 27 Loua
4285 4152 7 17 :
4311 4144 84 31 laver,
4410 4142 18 26 2
4448 4144 26 25 h.
4498 4143 34 27 3<>
4544 4144 57 27 aoir
4617 4141 5 38 :
4642 4147 129 32 couoher,
4787 4144 17 27 3
4819 4148 30 26 h.
4865 4147 37 27 44

4160 4176 105 27 matin.

4187 4212 106 27 Plaise
4309 4213 69 26 lune
4394 4213 26 26 le
4434 4212 43 27 26.

4189 4245 216 37 Bphèmiridei.
4499 4247 78 28 1741.
4609 4250 159 28 Naiasaaee
4800 4252 33 26 de
4856 4252 41 27 La

4152 4280 76 28 Tour
4240 4283 190 34 d'Auvergne,
4449 4285 124 32 premier
4587 4286 149 33 grenadier
4752 4286 33 27 de
4800 4287 74 27 Fran-

4153 4324 43 17 ce.

4187 4351 66 27 Fêta
4269 4352 17 27 k
4299 4354 149 27 souhaiter
4460 4359 6 18 :
4483 4354 103 27 Sainte
4600 4355 94 26 Flora.

4250 4419 56 31 LE
4344 4420 164 32 TEMPS
4559 4421 256 33 PROBABLE

4211 4466 47 31 25
4271 4467 207 31 novembre
4500 4475 46 22 au
4631 4468 214 35 décembre)

4187 4548 52 28 Les
4254 4552 83 26 venta
4352 4552 26 26 at
4395 4552 93 33 neigea
4502 4559 35 19 ou
4553 4552 92 33 pluiaa
4661 4553 37 27 du
4713 4552 34 27 24
4772 4561 100 20 novem-

4154 4585 46 26 bre
4215 4587 169 24 continuent
4402 4587 214 33 prooablemant
4632 4596 97 20 encore
4746 4590 25 26 le
4786 4590 32 26 25
4841 4596 34 21 ac-

4152 4623 171 31 compagnés
4337 4624 72 24 oitte
4424 4622 54 27 fois
4494 4623 66 27 d'un
4577 4623 244 28 refroidissemaai
4848 4624 40 27 du

4153 4657 93 32 teœpi
4261 4656 48 32 qui
4328 4656 115 27 devient
4457 4664 98 18 encore
4585 4658 64 31 plus
4675 4658 73 26 froid
4762 4658 72 27 dîna
4863 4662 28 25 la

4152 4689 65 26 nuit
4230 4690 35 25 du
4281 4689 34 26 25
4330 4698 35 18 au
4377 4689 35 26 26
4423 4697 7 24 ;
4448 4691 65 33 puia
4530 4693 25 26 le
4569 4695 94 28 temps
4678 4701 27 18 «e
4735 4694 156 27 maintient

4149 4726 211 33 généralement
4375 4726 73 27 froid
4462 4728 27 26 et
4504 4731 128 30 oauvart,
4645 4735 35 19 ou
4701 4730 122 32 neigeux
4851 4735 35 20 ou

4154 4760 47 26 plu
4207 4760 60 26 vie*
4276 4767 27 25 x,
4318 4761 119 26 anivant
4452 4761 30 26 la
4495 4761 123 34 poiition
4644 4762 46 26 daa
4702 4763 137 30 endroits,
4856 4765 40 27 do

4148 4793 35 26 27
4196 4801 37 19 »u
4247 4793 38 27 29
4298 4800 26 21 et
4339 4799 111 24 surtout
4466 4805 30 18 es
4509 4796 112 27 dernier
4635 4796 65 35 jour
4710 4806 8 24 ;
4734 4800 112 26 euiuita
4863 4800 26 26 le

4150 4833 93 28 temps
4259 4839 27 17 se
4303 4831 128 26 refroidit
4460 4832 26 26 le
4512 4830 34 28 30
4574 4834 27 24 at
4617 4839 98 19 encore
4746 4833 61 32 plus
4838 4834 53 27 fort

4152 4865 70 26 dam
4239 4866 26 25 la
4283 4865 63 27 nuit
4361 4865 38 27 du
4413 4865 34 26 30
4462 4865 154 30 novembre
4630 4874 35 20 au
4737 4867 158 33 décembre,

4153 4900 65 33 puis
4233 4899 22 27 il
4272 4902 66 25 tend
4354 4902 17 26 fc
4383 4910 30 18 ae
4428 4902 156 26 réohaoffir
4603 4904 27 22 et
4645 4903 116 27 devient
4785 4907 116 25 couvert

4150 4943 34 19 on
4201 4935 149 34 pluviaux,
4363 4943 37 20 oa
4415 4937 119 32 neigenx
4551 4937 38 27 da
4651 4945 38 20 au
4702 4937 18 26 3
4733 4938 157 28 décembre.

4186 5022 57 40 Les
4267 5021 429 48 HospiUliers-Saiveteirs
4728 5023 132 44 Bretons

4337 5107 183 30 Réunion
4535 5111 24 26 à
4574 5111 143 26 Nantes

4191 5152 57 30 Le*
4271 5153 155 35 jojruanx
4448 5156 38 28 ds
4505 5154 118 31 Nantes
4638 5165 78 21 nom
4733 5163 164 31 apportent

4150 5192 28 30 le
4194 5200 120 27 compte
4332 5194 97 27 rerdu
4454 5194 90 30 d'une
4565 5194 60 30 fête
4641 5196 120 31 donnée
4787 5203 94 25 avant-

4152 5231 65 30 hier
4243 5235 61 26 «air
4331 5241 54 28 par
4409 5233 45 28 les
4482 5233 416 38 Hospiialiars-S»uveieurs

4152 5270 129 30 Brstons
4297 5271 78 30 dan*
4390 5276 77 26 cette
4481 5274 84 30 ville.
4597 5271 60 32 Sur
4685 5275 152 35 l'ettrade,
4857 5285 41 21 on

4149 5310 188 35 remarquait
4370 5315 86 26 notre
4486 5313 190 37 concitoyen,
4703 5314 194 32 l'honorable

4150 5349 44 28 M.
4211 5349 185 38 Coigneray,
4415 5352 156 34 président
4585 5354 124 35 général
4728 5354 35 30 de
4789 5352 33 32 la
4839 5354 35 31 So-

4149 5391 85 27 ciété.
4265 5389 43 28 M.
4328 5389 60 28 Léo
4394 5399 15 19 a
4429 5391 169 33 Berlhanlt,
4625 5398 87 25 notre
4736 5394 156 37 distingué

4148 5428 149 33 confrère,
4312 5437 20 30 y
4348 5437 18 20 a
4381 5430 54 28 fait
4457 5438 61 22 une
4540 5431 182 32 conférence
4746 5433 53 30 dei
4826 5438 67 32 plus

4150 5469 183 37 applaudies
4369 5469 72 30 dont
4478 5471 28 28 le
4539 5472 123 30 résumé
4696 5472 195 37 intéressera,

4148 5515 72 21 sans
4244 5516 100 20 aucun
4367 5509 103 33 doute,
4495 5517 76 21 ceux
4586 5509 38 32 de
4639 5518 56 22 nos
4709 5513 131 27 leotears

4148 5554 28 22 et
4199 5548 38 26 i's
4263 5551 67 25 sont
4356 5548 170 30 nombreux
4593 5549 53 38 qni
4663 5550 65 30 font
4743 5551 98 37 partie
4856 5554 40 30 de

4148 5587 30 27 la
4194 5584 120 32 Société
4336 5587 53 30 des
4407 5587 184 32 Sauvetesrs
4619 5589 130 30 Bretons
4780 5600 38 19 ou
4846 5593 48 37 s'y

4148 5628 142 27 trouvent
4305 5626 152 30 rattachés
4483 5635 56 28 pat
4554 5628 44 31 les
4613 5628 79 31 liens
4708 5630 39 30 de
4761 5630 132 33 l'estime

4147 5669 28 24 et
4191 5665 38 30 de
4240 5665 31 28 la
4285 5665 177 38 sympathie
4480 5676 7 18 :

4182 5728 44 27 M.
4241 5728 155 28 Bertbanlt
4413 5737 103 27 expose
4541 5731 113 27 d'abord
4683 5732 26 28 le
4735 5732 52 30 but
4815 5735 33 27 de
4864 5737 30 28 la

4148 5764 119 26 réunion
4283 5772 35 18 en
4338 5765 98 27 disant
4452 5773 54 26 qne
4519 5766 28 27 la
4563 5766 111 27 Soeiété
4688 5776 17 19 a
4719 5767 66 28 bien
4800 5772 90 27 voulu

4148 5799 26 24 le
4188 5799 117 34 charger
4318 5798 33 27 de
4365 5804 129 30 rappeler
4508 5802 17 26 k
4539 5804 61 24 teas
4629 5810 28 18 a*
4683 5810 53 28 que
4759 5807 65 26 sont
4848 5807 41 27 les

4148 5833 380 33 Hospitaliers-Sauveteurs
4544 5835 122 28 Bretons
4689 5842 26 22 et
4734 5841 94 33 quelle
4846 5844 44 25 est

4147 5870 60 25 leor
4234 5867 83 27 tkohe
4344 5869 124 27 modeste
4494 5872 27 25 et
4546 5871 83 34 utile,
4650 5874 15 26 h
4689 5874 30 26 la
4742 5874 85 27 veille
4850 5876 39 30 du

4147 5902 123 34 Congré*
4299 5902 34 27 de
4368 5902 159 37 Sauvetage
4559 5906 51 34 qni
4643 5914 34 20 va
4709 5915 30 20 se
4768 5910 78 33 teni*
4872 5911 19 33 \

4146 5937 119 31 Nante*,
4280 5944 38 20 au
4335 5939 72 26 mois
4421 5939 34 26 de
4467 5939 98 33 Juillet
4583 5943 145 28 prochain.

4180 5972 39 28 Le
4233 5972 124 34 Congrès
4372 5974 33 26 de
4422 5972 65 30 1902
4502 5976 152 34 «'organise
4670 5985 66 21 sous
4761 5980 40 30 les
4825 5992 50 21 aus-

4146 6007 74 34 pices
4252 6007 34 27 de
4319 6008 27 27 la
4374 6008 167 28 Fédération
4573 6011 48 27 des
4651 6011 175 35 Sauvetaers
4854 6022 35 25 de

4146 6043 115 26 Fraaoe.
4290 6041 37 28 Et
4357 6045 137 34 pourquoi
4508 6045 40 27 les
4564 6044 306 38 Hospitaliers-Sauve-

4144 6081 76 22 teurs
4238 6077 117 27 Bretons
4370 6080 119 27 sont-ils
4504 6081 116 33 ehargéa
4635 6081 63 27 d'eu
4717 6086 91 33 régler
4821 6091 64 26 tous

4143 6112 40 26 les
4208 6111 104 28 détaili
4332 6116 31 25 et
4384 6115 124 26 disouter
4521 6118 94 24 toutea
4639 6117 40 26 le*
4698 6122 148 28 questions
4860 6124 25 27 si

4142 6146 125 27 diverses
4289 6148 120 27 traitant
4431 6149 38 26 du
4494 6155 152 31 sauvetage
4657 6150 13 30 ?
4688 6154 87 30 Para*
4799 6159 86 30 qu'ils

4143 6182 124 27 forment
4281 6183 28 27 la
4324 6182 110 30 Société
4456 6183 33 27 de
4511 6190 152 32 sauvetage
4678 6189 26 30 la
4721 6193 66 32 plus
4802 6201 66 21 nosn-

4143 6216 98 28 breuie
4260 6220 26 25 et
4311 6219 27 26 la
4369 6219 63 27 DIUS
4457 6219 92 28 activa
4565 6227 7 25 ;
4587 6222 56 28 alla
4657 6229 35 22 ne
4708 6231 112 24 ooanta
4834 6236 51 19 oaa

4143 6252 94 27 moins
4253 6253 33 26 de
4299 6252 18 27 9
4329 6252 52 28 000
4394 6254 197 35 inscriptions.

4175 6285 120 32 Chaouu
4311 6289 57 27 sait
4388 6296 31 19 oe
4442 6288 71 28 dant
4539 6292 128 35 s'ooevpa
4694 6295 28 28 la
4749 6296 112 28 Soeiété
4872 6305 13 25 ;

4141 6322 54 27 elle
4209 6324 145 34 l'emploie
4369 6325 17 27 à
4398 6324 109 30 douaar
4522 6326 47 28 dea
4584 6330 103 33 eagina
4709 6337 59 22 aux
4796 6332 81 30 kéioa

4141 6359 27 25 et
4187 6358 15 27 k
4217 6361 115 25 trouver
4344 6358 46 28 de*
4408 6360 79 28 héros
4502 6369 70 27 pour
4585 6370 30 20 se
4637 6366 91 27 servir
4753 6369 47 26 de*
4832 6377 34 19 en-

4141 6393 76 34 gins.

4176 6428 122 30 Comme
4311 6428 20 28 il
4349 6431 71 27 a'aat
4435 6438 48 27 pas
4498 6432 93 28 donné
4605 6435 15 26 à
4632 6435 64 27 tout
4723 6436 27 27 la
4779 6438 104 28 monda

4141 6463 85 27 d'être
4241 6467 149 26 mnveteor
4406 6474 51 26 par
4469 6468 43 26 soi
4526 6469 103 30 même,
4646 6471 30 26 la
4689 6470 112 30 S««iéM
4815 6481 50 25 per-

4142 6501 58 25 met
4213 6500 76 26 ainsi
4304 6500 17 27 k
4333 6502 63 26 tou*
4411 6509 70 20 oeux
4495 6503 51 34 qui
4572 6506 117 27 veulent
4716 6508 165 28 contribuer

4140 6534 17 30 k
4173 6534 137 37 répandre
4324 6535 40 30 les
4380 6536 94 31 divers
4487 6539 104 34 engins
4605 6543 28 26 et
4649 6544 98 25 caaots
4762 6543 34 27 de
4813 6552 66 20 «au-
