4996 6817
1093 0 255 352 L
1460 0 2504 360 Ouest-Eclair

1761 428 341 57 JOURNAL
2179 428 406 64 QUOTIDIEN
2670 428 632 56 D'INFORMATIONS

1265 548 663 74 DERNIERS
1991 539 969 80 TÉLÉGRAMMES
3021 549 170 70 DE
3255 550 171 72 LA
3484 552 318 73 NUIT
3969 593 11 17 -

202 674 46 35 S*
272 676 172 34 Année.
475 676 56 34 N*
566 676 90 34 828

1527 679 394 41 HENNES
2046 676 65 51 4,
2148 678 154 39 Rixe
2339 680 84 40 e>e
2456 680 65 38 la
2558 678 348 48 Olialotais,
2946 676 48 41 4
3115 681 398 39 RENNES

2340 732 6 17 '
2567 728 6 20 '
3285 729 46 19 w
3357 718 5 65 ;
3544 718 377 60 TÉLÉPHONE

4439 654 268 45 Mercredi

4337 723 39 33 30
4404 720 265 40 NOVEMBRE
4695 729 83 38 1901

1168 827 72 31 leul
1261 833 28 22 tt
1315 826 48 37 qai
1389 834 126 21 wnctrot
1537 824 27 31 la
1589 824 152 38 stfr»ctioa
1760 826 60 30 tait
1843 821 54 34 itxt
1919 826 106 28 ihtiit

1130 873 15 31 >
1165 874 50 37 g.
1241 873 20 31 it
1283 873 150 37 girtcttur.

1169 922 72 28 Saut
1276 930 27 21 tt
1337 922 48 37 qui
1422 930 124 21 teuctmr
1877 920 59 30 boit
1972 921 52 27 tire

1130 969 105 31 «brrsii
1258 967 14 30 i
1294 969 47 38 g.
1365 969 270 39 l'^limini»trattur.

374 826 476 45 ÀBOHEEMKHTS
873 844 11 27 :

748 889 51 20 UtA
803 895 13 14 Ê
869 889 94 21 tlfUcli
978 891 118 20 TnUHolt

163 925 289 32 DÉPARTEMENTS
467 930 246 27 LIMITROPHE*
737 925 96 31 20f.
879 925 91 31 12F.
1012 926 63 31 61.

161 976 146 25 AUTRES
326 973 287 28 DÉPARTEMENTS
627 991 81 11 ....
733 969 28 28 2
772 979 20 18 »
880 969 56 31 14
1011 971 25 28 7

2078 863 307 43 EMMÂHUKL
2415 852 320 56 DESGRÉES
2763 873 69 35 DU
2855 865 120 43 LOU

2287 937 242 33 Directeur
2555 940 213 35 politique

3086 839 54 38 ges
3170 840 107 38 gttirti
3308 847 54 21 osa
3390 837 162 40 sfiranfjûi
3580 841 63 30 uni
3673 840 230 39 rija&inutaust

3047 891 130 32 WfttStti.

3162 953 162 28 manuscrits
3347 961 54 20 non
3425 953 99 28 insrrrs
3546 963 32 20 n;
3600 956 63 28 faut
3683 963 50 30 pu
3754 956 111 31 resta».

4056 822 163 38 TARIF
4252 828 107 35 DES
4395 830 334 39 INSERTIONS
4755 844 15 26 t

3965 873 195 30 ANNONCES
4442 875 65 33 30
4525 889 177 22 CINTIVM
4716 893 41 21 LA
4770 893 107 22 LIONS

3966 912 187 30 RÉCLAME»
4444 914 65 35 50

3969 952 100 28 FAITS
4087 952 128 31 DIVERS
4494 954 12 33 1
4527 960 117 31 FRANC

4107 994 48 25 ON
4188 996 141 27 TRAITE
4358 998 107 27 AUSSI
4496 1000 28 27 A
4558 1002 161 28 FORFAIT

979 1093 61 26 dier
1069 1091 138 26 oertaiue*
1237 1095 104 31 partir*
1370 1093 33 26 de
1426 1100 31 19 ce
1482 1096 115 30 rapport
1625 1100 53 26 que
1693 1093 26 33 ]•

981 1129 118 30 regrette
1127 1126 109 27 d'srolr
1263 1134 39 19 tb
1342 1127 156 32 imprimer
1525 1134 35 19 sa
1590 1134 67 20 son
1687 1129 32 26 de

980 1161 28 27 ls
1028 1160 143 28 Chambre
1198 1160 228 32 (Exclamation*
1440 1163 18 26 à
1485 1163 213 33 l'utilaa-fan-

979 1196 51 26 ei»
1044 1196 9 28 )

1773 1093 247 33 certainement
2052 1093 91 33 Buivi
2181 1094 77 40 plus
2291 1093 102 34 d'une
2450 1094 63 34 fois

1773 1137 84 32 dsns
1877 1140 90 30 cotte
1987 1136 46 33 fia
2057 1137 41 32 de
2118 1137 141 32 sessioa.

187 1103 70 43 (ire
278 1108 18 38 i
315 1110 86 35 «»lr*
423 1106 37 41 3*
585 1106 48 43 lts
654 1103 162 43 Rouelles
840 1104 38 40 de
895 1104 30 40 la

260 1183 322 67 DERRIERE
643 1182 209 69 HEURE

262 1342 87 132 La
406 1338 428 161 Vopacratie

223 1543 27 33 Il
270 1552 41 24 D«
326 1543 151 33 faudrait
497 1553 59 32 pas
572 1543 178 43 keauooup
764 1543 40 32 de
824 1544 79 31 séan-

180 1596 56 25 cea
262 1596 133 25 comme
437 1586 85 33 celle
563 1589 84 32 dent
681 1586 33 34 la
751 1585 170 35 Chambre

180 1641 87 24 cous
286 1641 20 24 a
324 1630 103 33 offert
448 1630 98 34 lundi
580 1630 33 34 le
632 1630 181 43 spectacle,
837 1639 86 32 pour

178 1675 170 43 dégoûter
365 1678 21 28 à
405 1678 78 30 tout
510 1674 122 44 jamais
647 1675 48 32 du
726 1674 174 41 parlemen-

180 1720 141 32 tarisme
337 1728 86 24 ceux
442 1729 69 32 que
529 1719 67 33 l'ou
621 1717 150 43 appelait
802 1721 96 31 autre-

178 1765 65 32 fois
263 1763 47 32 les
328 1772 15 21 «
363 1763 164 32 honnête*
547 1770 83 33 geni
653 1772 17 21 »
696 1762 41 32 de
769 1760 144 40 France,

178 1807 214 32 c'est-à-dire
413 1806 47 32 les
482 1807 207 32 kommasdo
707 1805 112 33 bonne
835 1805 66 32 édu-

180 1851 112 32 cation
313 1850 60 43 qui
412 1850 155 33 tienneot
583 1852 32 31 la
633 1850 184 33 courtoisie
837 1858 86 32 pour

178 1904 67 24 une
272 1894 132 43 qualité
444 1893 172 34 aationaie
660 1896 34 32 et
732 1892 171 35 tradition-

176 1937 103 34 nelle.

223 1982 51 33 On
295 1993 126 33 pourra
435 1982 63 33 lire
513 1982 77 43 plus
609 1981 70 34 loin
694 1981 31 34 le
762 1985 137 40 compte-

180 2028 110 32 rendu
334 2027 138 33 détaillé
497 2028 41 32 de
576 2029 90 31 cette
707 2028 98 32 scène
836 2029 64 31 hon-

178 2073 97 31 teuse
296 2070 84 33 dont
407 2070 129 41 l'agent
563 2072 43 32 de
638 2070 131 43 change
802 2072 94 33 socia-

177 2113 78 34 liste
286 2113 48 34 M.
358 2113 174 35 Berteauz
550 2124 20 24 a
588 2117 53 31 été
674 2115 32 30 le
726 2115 98 33 triste
856 2115 40 33 hé-

178 2169 54 22 ros
253 2161 35 30 et
314 2158 60 43 qui
409 2169 19 22 a
461 2159 91 32 forcé
589 2157 50 34 M.
679 2158 189 33 Daschauel
901 2163 19 28 à

177 2202 154 34 déclarer
364 2211 69 32 que
469 2203 187 32 désormais
680 2204 25 32 il
737 2200 58 45 n'y
824 2203 94 33 avait

177 2245 91 41 plus,
287 2246 85 33 dans
391 2256 38 24 se
458 2256 96 32 pays,
576 2246 43 33 de
654 2245 123 35 liberté
814 2248 43 34 de
889 2246 32 34 la

178 2289 154 34 tribune.

221 2334 113 40 Après
367 2334 33 34 la
429 2334 203 43 suspension
652 2334 41 33 de
713 2337 130 35 séance,
868 2334 48 33 M.

177 2376 106 35 Ribet
317 2388 20 24 a
369 2388 47 31 pu
450 2378 111 44 parler
593 2381 35 31 et
647 2379 25 33 il
691 2388 20 24 a
736 2382 181 38 prononcé,

176 2431 90 30 pour
289 2421 33 34 la
360 2422 138 33 défense
531 2424 40 32 de
604 2432 60 24 nos
697 2424 144 33 intérêts
878 2433 41 24 en

178 2465 109 35 Ckine
302 2469 34 31 et
359 2476 87 33 pour
467 2466 32 34 le
517 2466 167 34 maintien
700 2466 150 44 intégral
875 2467 41 33 de

176 2513 100 30 notre
292 2513 211 39 protectorat
523 2510 197 44 catholique
735 2520 41 24 en
793 2511 106 33 Extrê-

178 2555 209 35 me-Orieat,
411 2565 47 22 un
478 2555 210 43 magnifique
704 2556 168 32 discours.
891 2554 27 34 J
918 2554 1 44 1

178 2598 78 33 n'en
283 2601 52 31 est
358 2608 61 33 pas
439 2600 111 32 moins
570 2601 72 32 vrai
663 2609 67 32 que
750 2600 48 33 les
817 2602 81 31 révo-

178 2642 226 33 lutionnaires
438 2647 34 30 et
503 2642 47 34 les
583 2643 248 33 anticléricaux
869 2644 46 32 du

178 2686 197 34 Parlement
409 2689 59 30 ent
501 2687 122 38 réussi,
650 2687 84 32 dans
754 2698 67 22 une
840 2696 57 24 cer-

178 2731 92 33 taine
291 2739 145 30 mesure,
458 2734 20 30 a
504 2739 87 25 nous
622 2732 202 33 discréditer
857 2732 41 33 de-

178 2779 84 28 vait
286 2773 175 40 l'Europe.

222 2817 92 34 C'est
337 2818 77 41 déjà
429 2822 77 39 trep
522 2830 66 31 que
609 2819 83 33 dans
707 2829 61 24 nos
789 2819 111 33 discus-

177 2862 94 33 sions
287 2862 219 39 intérieures,
528 2872 43 24 on
591 2863 50 33 ait
673 2863 170 33 iatroduit
863 2872 53 24 ces

177 2915 133 24 oiesurs
347 2907 168 33 violentes
548 2910 34 31 et
614 2908 184 43 grossières
833 2908 84 33 dont

177 2960 87 24 nous
296 2960 43 22 ne
376 2954 203 31 retrouvons
612 2952 222 41 l'équivalent
849 2961 67 33 que

180 2995 84 32 daas
283 2993 47 34 les
350 2995 162 33 réunions
536 2995 184 43 publiques
752 2996 148 33 électora-

178 3038 59 33 les.
261 3038 89 33 Mais
381 3041 174 31 comment
586 3039 330 43 qualiierons-nous

178 3080 176 35 l'attitade
369 3084 43 32 de
426 3086 91 30 cette
537 3083 158 34 nouvelle
728 3084 92 33 école
840 3084 72 43 qui,

178 3136 80 22 sous
276 3130 154 39 prétexte
445 3136 66 33 que
531 3125 31 35 le
583 3128 215 41 patriotisme
817 3132 51 28 est
899 3130 19 30 à

180 3180 52 22 ses
252 3180 92 33 jeux
377 3181 67 22 use
467 3170 98 33 vaine
599 3171 148 33 formule
776 3171 78 32 vide
874 3171 41 32 de

178 3223 90 30 sens,
298 3214 191 43 s'applique
516 3215 347 43 systématiquement
900 3219 18 30 à

178 3257 189 43 galvauder
387 3256 180 37 Thonaeur
586 3259 151 34 national
748 3259 18 33 ?

223 3300 27 34 Il
269 3312 21 33 y
311 3312 19 24 a
348 3304 84 31 dans
452 3302 47 33 les
524 3302 117 33 choses
680 3313 66 24 une
772 3302 145 44 logique

178 3345 207 43 impérieuse
404 3350 19 30 à
461 3345 145 44 laquelle
626 3345 24 34 il
684 3348 74 32 faut
789 3351 51 30 tôt
873 3357 44 24 ou

181 3391 76 32 tard
282 3391 120 32 rendre
424 3391 47 32 les
502 3400 120 22 armes.
654 3390 131 43 Depuis
817 3391 80 44 quel-

180 3443 84 33 ques
283 3437 123 30 aanées
426 3436 59 32 des
503 3436 167 32 éléments
690 3436 43 32 de
765 3436 151 33 batsesse

178 3482 35 28 et
234 3477 43 33 de
308 3477 99 33 haine
445 3488 34 24 se
517 3482 77 30 sont
622 3480 189 34 introduits
831 3481 84 32 dans

177 3531 63 22 £os
286 3521 203 34 assemblées
535 3523 246 33 délibérantes.
826 3522 91 35 Sous

177 3565 145 34 couleur
358 3567 43 32 de
436 3567 202 39 socialisme,
667 3567 59 33 des
763 3567 154 33 hommes

178 3612 60 39 qui
257 3611 149 33 seraient
430 3613 20 31 è
481 3611 99 41 peine
613 3621 41 24 en
687 3612 168 33 situation
875 3612 41 32 de

178 3654 84 31 faire
276 3653 60 32 'les
356 3654 215 33 décrotieurs
587 3658 59 30 ont
667 3654 31 33 la
722 3657 195 40 prétention

178 3697 43 33 de
241 3697 161 33 résoudre
420 3707 44 24 au
480 3702 60 39 gré
559 3699 43 32 de
633 3698 74 34 leur
736 3699 182 44 ignorance

178 3743 34 31 et
234 3742 41 31 de
302 3742 74 33 leur
407 3743 196 32 sectarisme
634 3743 59 32 des
726 3743 190 43 problèmes

178 3794 67 34 que
267 3784 47 33 les
333 3784 126 34 Guizot
483 3789 34 30 et
543 3787 46 33 les
627 3785 122 34 Thiers
778 3788 118 32 n'abor-

178 3829 116 32 daient
314 3829 141 43 qu'avec
478 3840 66 22 une
559 3833 154 30 extrême
732 3833 183 40 prudence.

221 3872 112 34 Telles
353 3883 54 22 ces
423 3874 177 43 questions
619 3878 196 40 étrangères
831 3875 85 33 dont

175 3914 239 44 l'importance
451 3919 34 32 et
528 3919 30 33 la
598 3919 135 41 gravité
777 3919 139 41 exigent

180 3963 76 31 tant
272 3963 43 31 de
334 3960 117 34 labeur
470 3960 151 40 réfléchi,
645 3966 74 30 tant
746 3964 41 32 de
815 3971 83 34 sang-

181 4004 90 32 froid
289 4006 34 31 et
346 4015 65 24 une
430 4005 30 33 si
483 4006 152 41 patiente
660 4006 235 43 clairvoyance
909 4011 6 27 1

223 4046 181 35 Comment
426 4056 157 33 veut-on,
602 4051 83 31 dans
713 4061 54 22 ces
798 4050 100 33 condi-

180 4093 102 38 tions,
305 4102 66 32 que
391 4093 31 33 le
450 4094 123 33 Diveau
595 4095 260 39 parlementaire
875 4104 44 24 ne

178 4135 111 34 baisse
309 4135 89 44 pas?
418 4135 181 37 Comment
620 4142 146 38 peut-on
783 4148 131 30 penser,

172 4180 35 32 «i
239 4182 53 31 cet
320 4181 275 33 envahissement
626 4182 41 32 de
694 4181 32 34 la
749 4180 171 35 Chambre

176 4225 169 40 française
365 4234 58 33 par
444 4225 47 33 les
507 4225 307 34 révolutionnaires
834 4237 64 24 con-

178 4267 99 34 tinue
291 4271 35 31 et
346 4269 188 43 s'aggrave,
550 4271 106 40 qu'un
669 4270 78 43 jour
762 4279 43 25 ne
820 4271 79 33 vien-

177 4312 65 32 dra
278 4322 59 32 pas
367 4316 44 31 où
439 4323 86 24 nous
550 4323 171 25 cesserons
752 4315 43 33 de
821 4323 73 26 com-

178 4356 144 33 mander
348 4359 20 30 à
394 4367 61 24 nos
495 4357 123 34 rivaux
648 4356 144 35 l'estime
824 4362 34 30 et
889 4357 30 34 le

183 4403 135 37 respect
331 4402 58 32 ?...

226 4441 52 35 En
293 4447 159 39 présence
472 4446 81 33 d'un
575 4444 46 34 tel
635 4447 72 32 état
729 4447 41 33 de
785 4446 130 38 choses,

177 4486 26 35 il
226 4488 138 34 devient
405 4492 125 40 urgent
567 4491 43 32 de
648 4491 113 43 réagir
797 4499 66 30 car,
886 4491 30 33 si

178 4532 72 33 l'oa
287 4543 43 22 ne
366 4535 109 41 réagit
511 4544 72 32 pas,
618 4532 24 37 il
676 4545 41 24 en
755 4534 167 33 résultera

177 4584 93 45 pour
301 4576 31 34 le
377 4586 84 33 paya
513 4579 58 31 des
611 4587 105 24 maux
769 4578 133 33 incalcu-

180 4619 87 34 oleiv

222 4664 50 35 Ce
289 4664 86 33 n'est
396 4675 58 32 pas
470 4664 32 34 la
523 4665 207 35 déisocratie
746 4667 70 41 qui,
847 4667 57 33 sui-

177 4715 83 27 vut
282 4719 46 22 un
359 4711 72 31 mot
459 4710 150 38 fameux,
648 4710 98 34 coule
776 4710 122 44 aujour-

178 4753 97 34 d'hui
299 4755 24 31 k
352 4753 111 41 pleins
482 4754 115 38 bords,
628 4754 81 33 c'ait
730 4754 32 33 la
787 4765 109 33 royou-

175 4798 110 33 cratie
301 4796 37 34 ni
353 4796 78 43 plus
449 4798 37 33 ni
513 4799 111 33 moins
639 4802 7 30 !
663 4801 33 31 et
715 4807 87 25 nous
834 4798 71 44 plai-

177 4850 113 34 gnons
357 4840 162 35 l'homme
566 4844 136 41 élégant
733 4845 33 31 et
793 4845 130 31 correct

178 4885 116 44 qu'est
320 4884 48 34 M.
393 4884 372 35 Waldeck-Rousseau
795 4887 128 32 d'avoir

180 4930 47 33 lié
241 4939 38 24 sa
302 4929 138 34 fortune
463 4932 20 31 à
510 4930 84 33 celle
624 4931 41 32 de
694 4941 37 22 ce
764 4941 158 24 nouveau

185 4974 162 41 pouvoir.

295 5028 215 31 Eaunannel
526 5029 187 40 Desgrées
728 5030 50 30 da
793 5030 90 32 Loti,

182 5139 272 90 L'incident
506 5139 417 90 Ribot-Berteanx

230 5284 94 34 Poar
345 5283 219 35 l'édification
589 5285 43 33 de
671 5296 61 24 nos
762 5284 159 39 lecteur»,

178 5340 96 28 ûDU»
294 5339 143 32 crayoDi
471 5329 118 33 devoir
630 5330 201 41 reproduire
863 5330 57 38 ici,

180 5376 141 44 d'tprfea
341 5373 18 34 l'
366 5370 137 40 Officiel
507 5400 7 9 ,
536 5373 32 34 la
582 5374 111 41 partie
713 5374 40 33 de
782 5374 33 33 la
849 5374 72 33 di«-

181 5420 143 37 cuuioa
344 5417 60 43 qui
424 5426 20 24 a
462 5426 43 25 ea
537 5417 70 35 lieu
637 5418 198 33 avant-hier
853 5424 20 28 A
892 5418 32 34 la

181 5465 178 37 Chambre
373 5469 18 25 ft
403 5471 123 33 prepo»
539 5461 47 32 du
602 5461 110 43 projet
729 5461 197 44 d'emprunt

184 5511 43 33 de
247 5509 66 33 9t5
345 5505 150 33 millieis
514 5509 34 28 et
567 5505 61 43 qui
654 5515 20 24 a
693 5505 111 33 donné
819 5505 70 33 lieu
908 5510 19 28 à

184 5555 34 34 la
234 5557 100 30 icène
347 5549 58 34 rie
407 5548 90 34 lente
513 5557 67 33 que
612 5558 87 24 noua
735 5558 104 25 avon»
873 5551 35 31 ré-

188 5600 118 32 sumée
326 5595 84 33 dana
426 5596 97 30 notre
537 5594 267 41 eompte-rendu
836 5594 69 33 télé-

188 5642 178 44 phonique
383 5636 122 34 d'hier.

235 5683 48 35 M.
309 5681 118 39 Ribet,
445 5689 44 24 oa
513 5681 70 32 a'en
615 5681 169 38 «ouvient,
806 5681 84 33 était
908 5682 20 31 à

191 5730 33 34 la
240 5727 139 35 tribane
392 5727 34 32 et
451 5724 177 44 critiquait
659 5725 31 34 le
726 5727 141 40 rapport
886 5726 43 32 de

189 5772 54 35 11.
266 5770 181 35 Hubbard.

228 5843 44 28 M-
288 5839 94 28 Ribot.
443 5837 22 28 Il
482 5844 46 21 aa
539 5837 109 30 leable
674 5839 171 32 larprenant
876 5845 52 27 que

184 5878 53 31 h'.
253 5875 221 30 d'ïrtoureeUt»
501 5876 50 32 qal
566 5883 15 19 a
598 5876 156 32 repréeenté
769 5875 27 27 la
824 5872 81 34 pehti-

181 5926 44 26 qa
235 5922 13 18 a
262 5913 33 26 da
309 5911 30 27 la
353 5909 106 27 Franee
474 5910 17 26 à
504 5913 9 22 1
523 5911 137 31 étranger,
687 5909 94 33 palace
796 5910 15 25 k
827 5916 38 19 aa
882 5909 31 26 de-

184 5955 48 32 gré
273 5948 176 33 «[«alaaafna
488 5947 125 32 aeeepter
647 5943 30 28 la
706 5943 145 28 aelidarilé
883 5943 47 26 daa

184 5995 71 19 ▼eu
276 5981 182 33 développéee
471 5980 71 27 dana
556 5981 26 26 la
598 5982 115 31 rapport
739 5980 33 27 da
788 5979 43 28 M.
848 5978 60 28 Hab-

185 6022 81 30 bard.

223 6059 52 27 Ca»
315 6059 69 19 Taei
418 6059 17 19 ■
448 6050 130 28 aaraiaat
618 6048 104 35 qn'naa
752 6048 176 34 laportaaaa

183 6102 34 20 M
219 6093 107 27 lati7k\
354 6086 26 27 ai
418 6086 67 27 allai
523 6085 145 27 s'avaient
705 6085 41 26 été
788 6085 144 33 apnortéea

187 6131 18 26 à
220 6131 27 25 la
426 6129 34 20 aa
490 6128 66 19 aoaa
578 6119 33 26 da
639 6120 27 26 la
693 6118 185 28 eenminioa
895 6118 37 26 da

189 6163 115 32 badget.
322 6158 27 28 L<
380 6157 80 26 n'ait
485 6155 167 33 impaaiibla
680 6155 33 27 da
737 6162 35 19 aa
801 6162 48 26 pai
866 6162 47 26 pro-

189 6203 85 58 ,MjJ'
295 6228 151 30 Bartrkad.
510 6226 79 27 Nui
605 6231 86 21 avoni
706 6223 63 35 déjà
784 6224 119 33 proteité
918 6223 17 26 k

194 6272 28 28 la
233 6263 189 32 aommiaaion
439 6262 34 25 da
494 6261 112 33 bndgat.

230 6304 33 30 M
294 6300 96 28 Ribot.
454 6295 61 30 J'en
530 6298 59 25 aoli
606 6298 46 24 >tr
680 6296 26 26 at
735 6295 113 34 j'aipèra
876 6301 53 28 qne

196 6339 45 30 M.
256 6333 226 33 d'latamrMllet
507 6339 60 20 aara
593 6338 67 21 ira
674 6339 71 20 arai
768 6338 70 27 pear
853 6332 81 33 répa-

1015 1231 32 26 M
1074 1230 150 30 Berteaux.
1289 1232 87 26 Votre
1397 1232 117 34 langage
1541 1234 43 26 ait
1612 1233 85 27 incon-

979 1265 126 28 ▼eoant!

1016 1302 31 26 M
1074 1305 26 22 le
1122 1303 174 31 rapporteur.
1359 1302 79 27 Liiez
1468 1302 25 27 le
1524 1310 113 27 pauage
1663 1310 54 27 qse

980 1344 69 19 ▼ose
1075 1335 181 34 ineriminez,
1286 1344 67 26 pour
1382 1345 54 27 que
1460 1337 28 35 je
1504 1338 97 31 paine
1616 1341 84 32 répon-

980 1371 56 27 dre.

1016 1406 40 27 M.
1074 1406 99 27 Rlbot.
1240 1406 22 27 Il
1276 1414 34 19 ne
1324 1407 81 34 «'agit
1423 1415 47 26 pai
1486 1409 84 26 d'nae
1585 1407 129 37 %ue*tios

979 1442 33 27 de
1028 1442 149 26 cenrtoieie
1191 1442 177 33 peraonselle
1396 1449 7 20 :
1434 1444 28 26 la
1475 1444 84 26 ehoie
1585 1448 41 22 eit
1652 1443 63 34 plue

980 1478 86 26 haute
1080 1479 26 25 et
1123 1478 64 32 plu*
1202 1483 92 27 grave.
1312 1478 27 26 N
1351 1482 87 28 ayant
1456 1486 51 26 pae
1535 1480 118 26 mandat
1683 1478 32 26 de

980 1513 27 26 la
1022 1511 144 30 Cbambre
1230 1520 69 18 TOS«
1315 1514 87 25 l'a***
1424 1521 123 19 reoooau
1577 1513 128 27 ▼eai-œl-

981 1556 44 18 m«
1087 1548 141 32 u*arpsst
1240 1556 30 19 ee
1285 1548 128 30 mandat,
1430 1556 71 20 vos*
1517 1556 66 20 avez
1599 1548 115 33 apport*

978 1583 17 26 i
1012 1583 27 26 ls
1051 1583 116 26 tribune
1182 1590 38 18 nn
1237 1584 98 25 détari
1341 1591 15 18 a
1372 1590 54 27 qse
1447 1591 70 19 TOU*
1544 1589 170 30 regretterez.

981 1617 230 32 (Exolanaiien*
1238 1619 17 26 i
1284 1619 145 26 l'exlrtme
1446 1619 117 32 ganehe.
1654 1619 40 33 Àp-

980 1654 240 33 plasdliwmaut*
1233 1655 17 25 à
1264 1654 90 27 droite
1368 1657 26 22 et
1409 1659 37 20 as
1459 1654 117 31 oestre).

1015 1687 41 30 M.
1074 1690 25 25 le
1114 1690 174 32 rapporteur.
1352 1687 80 28 Liiez
1446 1688 72 27 dono
1535 1689 26 25 la
1589 1697 125 27 paissg*.

1013 1723 43 27 M.
1074 1722 141 28 Berteaux
1289 1722 33 28 Si
1337 1723 57 27 l'on
1410 1731 69 19 TOUS
1511 1724 118 28 dansait
1657 1733 56 19 u~a

980 1759 77 32 psire
1072 1757 33 26 de
1120 1759 79 32 glfl»*
1211 1757 6 26 !
1233 1757 118 32 (Bruit).

1013 1793 43 27 M.
1072 1793 26 27 le
1115 1794 150 32 pr*>ideat.
1331 1793 41 28 M.
1390 1793 149 28 Berteaox.
1560 1804 54 18 nae
1631 1802 65 26 paro-

979 1830 26 26 le
1020 1828 159 27 Lnaultar.te
1193 1830 80 25 Tis.it
1300 1828 33 27 de
1359 1837 70 20 VOB*
1457 1831 148 34 iobapper.
1635 1831 78 26 Voui

978 1865 58 26 êtn
1050 1866 61 31 trop
1129 1864 117 26 habitué
1260 1865 15 26 à
1292 1865 28 26 1B
1333 1865 152 26 oourtoiiia
1501 1867 83 32 qu'oa
1600 1873 28 19 ie
1655 1865 58 28 doit

978 1904 78 21 «air*
1071 1899 138 32 rellègue*
1225 1905 69 27 peur
1309 1906 35 20 ne
1359 1907 48 26 pa*
1424 1900 27 27 la
1467 1904 107 24 retirer.

1015 1933 28 27 M
1074 1935 96 26 Hibot.
1234 1933 69 28 Cela
1318 1943 34 19 ne
1364 1939 112 30 eempte
1489 1943 46 25 pa>
1552 1936 159 27 meilleur*.

978 1969 229 31 (Exelanfttioni
1231 1970 15 25 à
1276 1970 109 33 gauche
1411 1975 26 22 et
1453 1971 17 27 k
1483 1970 214 35 l'extrême-gaa-

977 2006 63 26 ehe.
1104 2004 291 34 Applandiuementi
1410 2008 14 25 à
1442 2007 126 27 droi.eet
1585 2014 35 20 aa
1646 2014 50 20 csn-

977 2041 65 28 tte).

1012 2080 30 26 M
1072 2080 25 26 le
1111 2080 152 33 préiideat.
1339 2080 43 28 M.
1398 2080 98 31 Ribot,
1514 2081 168 28 l'adrtnaat
1698 2083 14 26 à

977 2113 44 30 M.
1037 2114 148 31 Hmbbard,
1201 2124 15 19 a
1232 2117 43 26 dit
1290 2124 7 19 :
1313 2125 13 14 o
1341 2115 33 30 J«
1400 2117 60 27 «aie
1486 2125 50 19 e*>
1541 2118 103 26 vainea
1659 2125 53 27 que

977 2156 70 21 vou*
1061 2152 162 32 regretter»
1239 2158 48 20 TOI
1302 2153 122 31 parole».
1440 2159 14 19 •
1470 2151 22 28 Il
1509 2152 48 33 n'y
1573 2160 15 19 a
1605 2153 60 25 riea
1682 2152 28 28 lk

974 2189 56 32 «(ne
1045 2185 32 26 de
1089 2185 217 33 parlementaire
1331 2185 79 28 Vont
1442 2194 67 19 av»a
1534 2191 124 24 eatenaa
1685 2187 27 27 la

977 2222 128 33 répliqae
1119 2220 33 26 de
1168 2220 40 27 M.
1226 2220 151 28 Berteaux.
1393 2222 33 27 Je
1440 2223 26 26 le
1480 2223 115 33 mpplie
1607 2223 31 26 de
1668 2230 31 19 re-

976 2256 119 34 prtné'ê
1109 2262 50 20 ton
1175 2256 159 34 lang-froid
1358 2258 27 27 et
1400 2256 33 28 de
1459 2257 174 34 l'expliquer
1646 2265 65 20 avec

974 2289 161 28 eburtoiiia.

1011 2324 43 28 M.
1072 2326 154 27 Berteaax.
1287 2327 33 27 Je
1335 2328 97 33 Tient,
1449 2334 34 20 en
1500 2328 156 33 peiimian
1680 2328 33 27 de

977 2363 63 25 toat
1055 2368 66 20 mon
1139 2361 172 34 iang-froia,
1332 2362 124 27 déclarer
1470 2370 52 26 que
1538 2363 27 35 je
1580 2370 35 21 a«
1630 2363 83 28 retire

977 2396 60 28 rien
1054 2396 33 27 de
1103 2404 30 20 ee
1160 2404 53 28 que
1232 2398 50 34 J'ai
1315 2398 52 27 dit.
1383 2399 299 33 (ApplacdineEienti
1698 2401 14 25 k

974 2432 107 33 geaebe
1103 2435 27 24 et
1157 2438 15 21 a
1202 2433 292 34 l'extrlme-gaueh*.)
1520 2433 54 30 J'ai
1600 2434 110 32 auiité,

976 2467 84 32 p*iné
1085 2470 26 25 et
1135 2467 129 33 indigné,
1293 2477 54 19 aox
1377 2471 128 33 attaqnei
1541 2471 170 33 iajurieuiei

973 2503 171 33 (Nouveaux
1160 2504 278 32 applaadiuemeati
1466 2512 48 19 inr
1543 2505 39 27 le*
1606 2506 105 26 mlmei

977 2536 97 35 baues)
1088 2546 53 26 que
1154 2537 31 28 M
1213 2537 94 30 Ribot.
1325 2548 67 20 aTee
1408 2549 43 19 tel
1467 2541 151 28 bab'.tade*
1633 2542 61 26 d'in-

974 2574 163 27 «iuneiiea*
1167 2574 117 33 perfldw
1307 2574 171 34 (NOUTBIUX
1515 2575 178 35 applandiue-

974 2613 94 22 menti
1084 2615 47 20 sar
1147 2609 38 25 lei
1202 2610 106 26 n*êj*e*
1326 2611 106 32 banes),
1459 2610 83 28 lanse
1567 2615 98 24 eohtre
1684 2613 28 26 la

976 2643 131 34 majorité
1130 2644 83 25 d'nne
1239 2646 184 27 ecaaaeiiiioa
1453 2647 50 33 foi
1530 2647 117 33 remplit
1672 2647 39 27 iai

974 2687 50 19 ton
1039 2679 105 27 deToir.
1162 2679 120 34 (Brait,)

1009 2722 78 28 ▼on
1102 2731 35 19 ne
1150 2724 132 27 voudriez
1299 2732 58 26 pa*,
1375 2725 145 27 moniteur
1544 2725 97 33 Ribot,
1658 2733 54 27 que

974 2766 70 19 nsu*
1055 2758 165 28 lontenioni
1238 2766 67 20 avee
1320 2767 70 20 TOBI
1404 2760 40 28 le*
1463 2761 211 34 aongrégations
1685 2765 26 25 et

974 2794 40 26 le*
1029 2792 123 30 Jétnite*
1167 2796 138 33 auxquels
1318 2803 70 20 BOB*
1407 2796 105 27 4OTOBI
1528 2797 183 33 l'expédition

973 2830 33 26 de
1020 2829 105 28 Chine.
1142 2829 24 27 Il
1182 2836 69 20 TOQ*
1265 2830 163 34 appartient
1444 2831 32 27 de
1501 2832 40 26 le*
1570 2832 139 32 défeadre,

974 2863 76 28 mai*
1080 2872 70 19 TOO*
1176 2865 97 26 o'aTti
1307 2874 47 25 pa*
1377 2867 27 27 la
1431 2867 72 27 droit
1520 2867 150 27 d'inialtor
1685 2869 26 26 la

974 2900 176 33 mejeritéde
1165 2901 27 27 la
1204 2900 195 30 Conasinion
1411 2902 35 26 du
1462 2902 103 33 budget
1591 2902 97 32 (Bruit
1703 2904 9 30 )

1009 2940 113 32 Qeacd,
1152 2947 64 20 leo*
1244 2941 70 27 l'oeil
1339 2941 189 27 bienveillant
1556 2941 39 27 du
1623 2942 74 34 prési-

973 2974 77 32 dent.
1069 2982 69 19 TOU*
1154 2982 67 20 avrz
1237 2976 15 26 k
1266 2975 124 28 diveriei
1406 2978 132 34 repria**,
1561 2978 151 28 renoavelé

973 3018 50 19 vot
1038 3012 138 33 attaque*,
1193 3011 50 34 j'ai
1259 3012 40 26 dit
1311 3019 54 26 que
1381 3012 24 26 *i
1434 3020 70 18 non*
1520 3012 120 27 n'étione
1663 3020 48 27 pa*

974 3045 124 35 protégé»
1115 3053 48 25 par
1178 3045 76 28 celui
1265 3046 48 35 qai
1331 3054 15 19 a
1363 3047 119 28 mandat
1496 3047 33 27 4s
1556 3048 71 26 faire
1652 3057 45 19 res-

974 3084 92 30 pecter
1082 3081 28 26 la
1119 3080 102 28 liberté
1231 3083 228 32 parlementaire,
1476 3084 22 26 il
1511 3091 18 26 j
1545 3084 79 26 avait
1635 3084 61 26 d'au-

973 3120 54 21 trr*
1046 3118 117 31 ■oy«ù>
1180 3117 133 26 d'aelien.
1329 3117 32 28 Je
1375 3117 61 27 *ui*
1466 3119 60 32 prit
1554 3119 15 25 k
1599 3119 39 26 le*
1654 3126 39 19 em-

974 3151 105 33 ployer.
1098 3150 228 30 (Exclamation*
1342 3159 37 20 au
1388 3155 91 26 oectre
1493 3156 27 25 et
1535 3154 15 27 k
1564 3155 98 27 droite.

973 3187 289 34 Applaudiuemanti
1278 3188 17 27 k
1309 3188 146 27 l'exl'éme
1486 3189 109 33 gauehe
1623 3191 27 25 et
1664 3196 48 20 tur

976 3222 93 26 diver*
1088 3221 84 27 banc*
1187 3223 15 25 k
1217 3222 150 34 gauche.)]

1007 3260 32 27 M
1065 3261 26 26 le
1104 3260 157 35 président.
1328 3261 43 30 La
1385 3261 144 32 Chambre
1546 3266 41 26 e»t
1603 3263 109 30 témoin

973 3304 53 27 que
1050 3295 43 28 M.
1121 3295 89 28 Ribot
1238 3298 80 27 aTait
1345 3298 43 27 dit
1416 3299 17 26 k
1461 3299 45 27 M.
1539 3299 139 27 Habbard
1704 3306 7 20 :

973 3340 14 15 «
1018 3331 76 27 Vou*
1127 3333 163 32 regretter»
1322 3340 48 19 vos
1404 3334 118 31 parole*.
1540 3343 14 17 >
1587 3334 125 31 (B-nit.)

973 3366 74 30 C'ett
1063 3369 73 25 alors
1147 3374 54 25 que
1215 3366 45 28 M.
1281 3367 164 28 Birteauxa
1461 3369 43 28 dit
1519 3371 17 25 k
1550 3371 33 24 U.
1600 3370 87 27 Ribet
1703 3378 8 19 ;

973 3410 14 17 *
1004 3400 32 30 Si
1052 3403 56 27 l'an
1126 3410 70 20 Ton*
1209 3404 120 26 donnait
1346 3411 54 19 nae
1417 3404 77 32 paire
1519 3405 32 26 de
1581 3405 79 33 gifle*
1675 3404 6 27 !
1698 3412 13 18 *

972 3436 216 34 (Exclamation
1205 3445 35 20 aa
1258 3443 94 22 centre
1368 3442 27 24 et
1414 3441 17 26 k
1444 3439 113 32 droite.)
1572 3441 53 28 J'ai
1643 3441 69 34 prié,

973 3481 69 19 vou*
1072 3481 65 20 av*i
1165 3481 38 19 va
1231 3482 69 20 aveu
1326 3475 93 33 quelle
1448 3475 209 28 bienveillant)*
1685 3480 27 24 et

972 3508 96 34 quelle
1083 3508 202 34 longanimité,
1315 3509 41 27 M.
1388 3509 141 28 Berteaux
1553 3511 33 26 de
1615 3510 98 28 retirer

973 3550 43 19 •ti
1031 3544 119 32 parole*.
1170 3543 22 27 Il
1211 3546 38 25 In
1265 3553 17 18 a
1296 3548 149 31 aggravée*
1460 3547 15 25 k
1502 3547 26 26 la
1540 3546 125 27 tribune.
1681 3546 32 28 Je

973 3580 128 25 <an«ulte
1116 3580 28 26 la
1159 3579 144 27 Chambre
1319 3586 46 20 no»
1382 3580 196 34 l'application
1594 3582 32 25 de
1646 3581 53 27 l'ar-

973 3613 67 27 ticle
1115 3614 37 26 du
1168 3615 165 32 règiemeat.
1352 3614 103 34 (Vive*
1485 3617 202 34 proteitatioai
1697 3619 15 25 k

973 3650 145 27 l'extrême
1141 3651 107 32 ginche
1263 3652 26 24 et
1304 3658 48 19 sar
1378 3652 96 26 divers
1501 3651 85 27 tanc*
1600 3653 15 26 k
1643 3659 53 26 gau-

973 3684 61 26 che.
1141 3685 289 33 Applaudissements
1457 3694 34 19 su
1520 3692 93 22 centre
1642 3691 27 24 et
1697 3690 15 25 k

973 3719 118 27 droite.)

1016 3789 51 34 La
1111 3801 141 22 censure
1302 3795 51 30 est
1394 3791 89 35 alors
1524 3798 189 37 prononcée

974 3841 116 26 centre
1120 3834 50 34 M.
1202 3834 182 41 Berteaux,
1417 3839 85 32 mail
1534 3837 30 34 le
1592 3842 120 39 tapage

974 3880 146 41 reprend
1141 3880 41 33 da
1202 3880 78 41 plus
1299 3880 100 34 belle.

1009 3958 43 26 M.
1069 3957 164 27 Fonrniére.
1250 3958 90 27 —M.
1363 3958 86 28 Ribot
1466 3960 45 27 a'a
1527 3969 47 19 nai
1589 3963 44 25 été
1648 3970 50 18 een-

973 3998 74 26 *uré,
1058 3992 52 27 I*l.
1126 3992 22 28 II
1163 4002 34 18 a*
1209 3993 109 33 partira
1329 4003 50 26 pas
1391 3994 6 27 1
1413 3990 300 40 (Applaûdiiiemeati

974 4030 15 26 k
1004 4029 146 27 IVxtrime
1165 4030 110 30 faaxhf
1289 4030 9 30 )

1010 4063 41 26 M.
1068 4063 97 26 Ribot.
1230 4063 33 27 Si
1273 4063 93 34 j'étaii
1378 4072 67 25 pour
1461 4067 122 34 quelque
1597 4068 116 27 ehose...

974 4098 98 32 (Brait
1088 4102 155 31 prolongea
1254 4101 143 26 l'extrême
1413 4102 116 32 gaucbe.
1583 4102 112 34 Applau-

974 4134 171 27 dit»»a«nt>
1162 4141 34 20 a«
1213 4136 93 25 contre
1319 4134 13 31 )

1010 4168 31 27 M
1082 4170 26 25 la
1136 4169 144 33 préti.lent
1382 4169 39 30 La
1450 4179 69 26 paya
1546 4172 96 34 jugera
1671 4181 43 19 r«i

974 4206 106 30 «etaai,
1107 4206 50 33 qoi
1182 4208 63 22 «ont
1482 4208 152 26 contraire*
1657 4217 56 19 aux

974 4240 117 26 intérêt!
1106 4239 33 27 da
1148 4240 28 26 la
1187 4239 193 35 République.
1390 4240 301 35 (▲.ppland'.ueneati
1704 4243 11 35 )

1009 4274 44 27 M.
1070 4273 97 28 Ribot.
1231 4273 32 28 Si
1278 4276 92 32 j'étaii
1387 4284 69 26 pour
1465 4278 123 33 quelque
1597 4279 116 27 eboie...

973 4309 152 34 (Nouveau
1142 4309 77 28 brait
1237 4311 14 26 k
1266 4311 146 27 l'extrêsie
1427 4312 109 33 gauche
1550 4313 9 31 )

1011 4344 47 28 M.
1078 4346 25 26 le
1119 4345 156 33 préildeat.
1337 4345 33 28 Je
1387 4350 126 30 proteite.
1533 4356 35 20 ta
1585 4356 66 20 nom
1668 4349 46 27 dei

976 4381 183 27 imtitationi
1175 4382 243 33 parltmiatalrei,
1434 4385 94 24 îoatre
1539 4384 33 25 da
1584 4384 130 33 partiiiii

976 4415 133 27 atwiniei
1137 4415 17 27 à
1179 4420 28 22 la
1232 4415 103 28 liberté
1361 4416 33 27 da
1422 4417 28 27 la
1482 4417 124 30 tribune.
1637 4420 77 31 (Vifs

976 4450 278 34 applaniitiemcati

1009 4487 32 26 Je
1056 4486 59 33 pria
1130 4487 27 26 la
1173 4485 144 28 Clia«bre
1331 4487 33 26 de
1387 4487 113 27 revenir
1528 4496 57 19 aux
1600 4489 112 28 affairai

976 4520 38 27 du
1030 4528 80 27 paya.
1124 4519 171 34 (souve»ox
1310 4522 279 33 applaudiuimeati
1602 4526 9 30 )

1011 4563 43 20 M.
1071 4556 133 28 Coutaat.
1270 4557 78 27 Voui
1363 4558 56 26 Stai
1434 4558 26 27 le
1475 4559 144 33 président
1632 4560 83 27 d'une

977 4591 112 27 eatarie.
1106 4590 100 32 (Vlvei
1224 4592 198 32 protestatioai
1437 4602 34 19 au
1488 4598 104 30 centre,
1609 4597 17 26 à
1638 4597 61 27 drai-

977 4630 27 24 te
1018 4629 28 24 et
1061 4633 50 19 lur
1122 4625 94 27 divers
1232 4626 86 27 banoi
1335 4629 14 25 à
1364 4630 133 32 gaaebe.)

1012 4661 41 28 M.
1072 4661 138 28 Reuanet.
1276 4661 78 28 Vooi
1371 4670 33 19 ne
1433 4663 97 27 devitz
1557 4672 58 26 pai,
1632 4675 66 18 aïon-

977 4696 77 27 *ieor
1067 4695 97 33 Ribot,
1181 4696 100 28 laitier
1291 4698 151 33 appliquer
1457 4702 27 25 la
1509 4708 116 20 aeniure
1638 4702 15 27 A
1671 4702 41 26 K.

978 4731 152 28 Berteaux.
1146 4731 79 32 (Trèi
1240 4731 66 30 bien
1320 4731 5 33 !
1342 4734 57 27 tris
1415 4734 65 27 bien
1494 4734 6 27 !
1525 4736 17 25 à
1570 4735 145 30 l'extrême

977 4767 135 35 gauebe)

1015 4802 41 27 M.
1074 4802 25 27 le
1114 4801 152 35 préiident.
1331 4804 113 28 Laiim
1459 4804 43 28 M.
1528 4805 87 28 Ribot
1641 4807 60 27 a'ex-

980 4839 119 32 pliquer.

1013 4872 43 28 M.
1087 4871 176 30 Fourniérei.
1365 4873 73 35 Trop
1466 4877 63 27 tard
1541 4884 6 24 ;
1573 4877 22 27 il
1620 4878 94 27 fallait

978 4910 72 33 qu'il
1065 4909 171 33 •'•xpliqoàt
1252 4911 89 26 avant
1356 4911 26 26 le
1396 4913 64 24 vote
1485 4911 32 27 de
1545 4913 28 26 la
1589 4920 125 18 censure.

1015 4943 41 27 M.
1072 4943 117 27 Biader.
1256 4943 38 30 Le
1319 4949 227 31 gouveraement
1578 4950 66 32 peut
1658 4949 57 27 être

979 4981 48 26 fiir
1042 4978 33 27 de
1089 4985 30 20 1a
1134 4978 142 34 majorité.

1015 5014 41 27 M.
1074 5015 26 26 le
1114 5015 155 33 président.
1331 5015 33 28 Je
1378 5022 71 21 vous
1478 5017 129 34 rappelle
1619 5019 15 27 k
1650 5019 52 27 l'or-

979 5049 57 26 dre.

1015 5083 40 28 M.
1083 5083 97 30 Ribot.
1269 5083 35 30 Si
1332 5086 93 33 j'étais
1452 5088 120 33 queiqme
1599 5088 116 28 eboie...

980 5119 94 32 (Biuit
1090 5124 27 24 et
1133 5120 208 34 interruptions
1354 5122 162 34 prolongé*!
1527 5126 17 25 k
1558 5124 143 28 l'extrême-

980 5156 130 34 gauehe.)

1012 5190 33 28 Je
1061 5190 156 27 naalatien*
1233 5191 39 26 lei
1286 5191 89 27 droit*
1390 5191 33 28 de
1446 5192 28 27 la
1498 5192 124 30 tribune.
1638 5193 78 33 (Vif*

979 5225 279 34 applaudissement*
1272 5233 35 20 an
1323 5230 96 25 centre
1430 5230 27 25 et
1472 5228 17 27 k
1504 5228 99 32 droite)

1012 5259 33 30 Je
1061 5261 156 27 maintien!
1232 5269 50 19 nos
1293 5262 113 27 liberté!
1422 5265 94 24 contre
1533 5263 28 27 la
1580 5264 137 33 tyrannie

981 5296 116 27 netaire
1122 5295 59 35 qui,
1211 5296 177 32 désespérant
1415 5297 159 35 d'apporter
1597 5300 46 27 dei
1658 5300 45 28 rai-

980 5339 74 24 ■ena,
1080 5334 117 32 apporte
1224 5331 46 26 dei
1298 5331 109 35 ia]nrai
1433 5335 27 26 et
1488 5334 47 27 dei
1564 5334 150 27 violenoei.

980 5367 300 33 (Applaudiuemeati
1310 5368 105 32 répété!
1454 5375 48 20 i«r
1540 5369 39 27 lei
1610 5370 107 27 ■tau

983 5404 96 25 bane*.
1140 5400 86 28 Bruit
1239 5402 17 26 k
1270 5402 270 30 l'extrême-raacbe
1564 5406 27 26 et
1617 5406 17 26 k
1648 5413 53 22 gau-

981 5437 73 26 ebe);

1013 5472 60 27 J'en
1091 5472 110 34 appelle
1215 5478 35 21 ai
1274 5479 80 27 paya.
1371 5472 22 28 11
1417 5472 63 28 dira
1506 5483 54 27 qne
1589 5483 50 26 par
1667 5476 47 27 dee

980 5505 143 28 ▼leleaeea
1152 5507 194 34 préatidliéu.
1371 5516 34 19 ea
1437 5511 182 33 m'emplobe,
1645 5510 70 33 mol,

980 5543 102 27 anolen
1100 5543 132 26 miniatre
1247 5543 46 27 dei
1307 5543 113 27 affairai
1436 5545 167 33 étrangère!,
1622 5545 33 26 de
1670 5544 31 30 di-

983 5585 27 18 ra
1025 5584 46 19 »nr
1087 5582 70 21 cette
1167 5578 129 32 qaeition
1313 5587 30 18 et
1355 5585 56 27 qne
1423 5577 27 35 ]•
1467 5588 132 25 psme...
1618 5580 98 32 (Brait

983 5614 14 26 k
1013 5613 144 27 l'exiréaie
1170 5614 130 33 gaaehe).

1017 5650 47 28 Oa
1081 5660 44 19 ma
1152 5652 53 27 lait
1232 5660 39 19 na
1298 5653 87 26 crime
1410 5653 105 27 d'artir
1539 5655 74 27 aaati
1633 5655 66 26 vire-

984 5689 78 24 ment
1078 5687 25 26 la
1117 5687 54 26 tort
1186 5694 54 26 fna
1253 5687 34 26 de
1312 5687 76 33 parai
1391 5687 51 26 liai
1469 5689 109 32 parslai
1593 5692 124 32 paarant

984 5721 71 26 faire
1070 5722 15 25 à
1101 5721 30 27 ln
1143 5720 117 30 Franae.
1285 5721 299 35 (àpplaudiisemeat»
1600 5726 100 33 proloi-

983 5759 45 32 gét
1044 5764 35 19 aa
1096 5759 113 28 aaatra).

1017 5790 43 30 U.
1080 5792 27 26 la
1122 5792 151 32 préiidaat.
1346 5791 33 30 Ja
1403 5793 118 32 proteite
1537 5794 15 26 à
1572 5802 67 20 mon
1654 5796 64 27 toar

983 5830 96 24 aaatra
1097 5826 27 26 la
1140 5825 126 28 violence
1280 5826 48 34 qni
1351 5835 15 20 a
1394 5829 43 25 «té
1463 5828 69 28 faita
1545 5830 15 26 k
1576 5830 139 27 l'oratsar.

983 5859 298 35 (Applaodiuementi
1298 5863 103 33 répétéi
1414 5870 37 19 an
1466 5867 102 25 centra,
1585 5864 17 27 à
1629 5864 89 27 droita

984 5901 26 24 at
1025 5903 47 19 »»r
1087 5903 38 20 on
1141 5896 87 33 grand
1245 5896 116 30 aenbre
1376 5896 33 28 da
1421 5896 86 30 baaai
1521 5900 17 26 k
1553 5898 131 33 gauche.)

1028 5970 106 34 Peine
1153 5970 129 43 perdue
1297 5970 6 31 I
1325 5969 50 35 La
1400 5974 150 39 tempête
1569 5982 19 24 a
1606 5974 93 33 conti-

986 6018 78 34 nué,
1082 6013 64 34 elle
1178 6024 19 24 a
1228 6015 110 32 même
1357 6015 71 41 pria
1447 6017 41 33 de
1508 6015 98 35 tellea
1635 6027 60 32 pro-

987 6059 151 43 pertion»
1157 6067 67 33 que
1244 6058 31 34 le
1293 6059 172 41 président
1485 6070 20 24 a
1518 6063 54 31 été
1591 6060 124 45 obligé,

987 6111 130 25 comme
1137 6102 66 33 l'on
1222 6103 77 38 «ait,
1322 6104 41 32 de
1382 6112 35 24 te
1436 6105 137 32 couvrir
1609 6106 35 31 et
1677 6105 41 32 de

987 6146 187 43 auapendre
1215 6145 32 33 la
1285 6148 129 32 séance.
1462 6146 253 40 Evidemment,

987 6193 90 31 cette
1107 6190 97 40 façon
1234 6189 41 33 da
1306 6189 150 34 disenter
1476 6191 47 33 lea
1540 6193 77 41 plus
1636 6201 60 34 gra-

989 6243 57 24 ve»
1078 6235 142 32 intérêt»
1253 6234 46 32 du
1332 6242 83 34 paya
1447 6241 51 27 est
1519 6237 77 32 tout
1615 6240 19 30 fc
1658 6236 59 33 fait

989 6278 175 44 originale.
1185 6275 195 45 L'exemple
1398 6279 85 34 ainsi
1502 6281 111 32 doané
1632 6281 51 32 eat
1702 6279 18 33 à

990 6321 32 35 1*
1039 6322 117 43 pértée
1174 6322 43 35 de
1243 6326 77 31 tous
1339 6322 47 35 le»
1409 6332 158 35 groupe),
1591 6326 34 33 et
1644 6333 77 25 sera

1805 1474 151 44 (Service
1974 1491 24 31 aj
1997 1482 106 31 tecitl
2121 1483 39 31 de
2180 1480 296 43 /'Ouost-Eolair).

1774 1246 196 152 Nos
1990 1250 517 197 Dépêches

1876 1564 122 69 EN
2049 1566 356 70 FRANCE

1772 1676 276 64 E'Fmprunt
2078 1682 57 45 de
2170 1683 91 45 200
2302 1685 204 46 millions

2158 1779 94 34 Pari»,
2269 1780 33 27 19
2319 1783 156 27 novembre

1811 1811 32 27 M
1874 1811 89 30 Klotz
1981 1820 38 22 Ta
2034 1813 128 38 dépeier
2187 1818 18 26 à
2233 1818 30 28 la
2294 1818 158 32 Chambra
2466 1828 43 21 on

1769 1850 96 35 prejet
1878 1851 39 30 de
1930 1853 168 31 résolution
2114 1854 125 32 tendant
2250 1857 19 28 à
2283 1864 149 32 renvoyer
2447 1859 18 30 à
2479 1860 30 28 la

1768 1890 202 31 camminion
1998 1892 41 30 du
2070 1893 111 38 budgM
2210 1896 27 30 le
2265 1897 97 38 projet
2376 1899 102 30 relatif
2493 1900 15 27 à

1769 1928 168 32 l'étnisiion
1951 1931 38 30 de
2003 1936 84 27 rente
2113 1933 18 30 3
2156 1933 52 37 0,0
2235 1938 194 35 perpétuelle,
2446 1937 63 31 afin

1768 1967 38 32 de
1820 1968 115 33 limiter
1949 1971 190 33 itrietement
2152 1974 167 39 l'emprunt
2343 1985 39 21 an
2400 1976 109 32 chiffre

1769 2007 52 31 de*
1834 2008 130 32 débouri
1977 2011 71 30 faite
2065 2020 54 31 par
2132 2014 93 31 l'Etat
2239 2015 78 31 dani
2341 2016 144 37 l'Expédi-

1769 2046 63 32 tion
1847 2047 38 32 de
1900 2048 112 31 China.

1775 2148 253 72 FAITS
2087 2154 123 70 DU
2265 2158 240 70 JOUR

1806 2272 57 31 Un
1883 2276 269 32 automobiliste
2177 2280 203 32 condamné
2395 2281 20 31 i
2435 2281 33 32 la

2075 2317 129 38 priaon

1807 2366 188 33 Châlonmr
2013 2372 109 33 Saône,
2139 2373 219 32 19novembre.
2425 2378 83 28 Dan*

1768 2414 58 22 ■on
1839 2407 150 33 audienoe
2002 2411 38 32 da
2055 2412 86 30 lundi
2159 2413 70 35 *eir,
2248 2414 28 31 la
2291 2415 133 31 tribunal
2443 2425 48 21 cor-

1768 2446 165 32 rectionnel
1950 2450 38 31 de
2003 2451 124 37 Mâoon,
2145 2453 119 37 présidé
2280 2463 54 30 par
2350 2454 44 30 M.
2413 2457 74 28 Geor-

1767 2494 61 27 ge*,
1847 2496 18 20 a
1881 2492 217 32 prenencéioo
2114 2492 157 38 jugement
2285 2494 78 31 dtnc
2380 2496 129 32 l'affaire

1767 2528 135 30 intentée
1917 2536 39 21 an
1971 2530 90 37 jenna
2078 2532 141 37 Coignet,
2236 2531 87 40 vingt
2337 2538 28 25 el
2381 2543 41 22 nn
2439 2544 65 26 an*,

1767 2565 182 32 demeurant
1964 2577 53 22 rue
2033 2570 37 31 de
2085 2570 187 32 Cenrcalla*.
2290 2575 18 26 à
2328 2574 98 34 Parie,
2456 2575 52 39 qui

1767 2607 53 26 tua
1835 2614 74 21 avec
1924 2615 58 22 ion
1996 2610 198 35 automobile,
2212 2611 46 30 M.
2278 2613 174 33 Pliionniar
2471 2615 39 31 de

1768 2643 178 39 Montpont,
1963 2648 53 37 qui
2029 2650 162 30 traveriait
2205 2652 30 30 le
2248 2653 115 39 village
2376 2653 39 32 de
2445 2654 43 31 Bo-

1767 2692 52 28 yer
1833 2692 74 24 avec
1923 2694 41 22 un
1988 2687 200 39 chargement
2202 2692 38 30 de
2255 2692 64 32 vin.

1808 2724 59 30 Sur
1881 2724 44 31 le*
1942 2727 197 37 réqeiiiiion*
2156 2730 41 30 da
2212 2731 161 32 miniètire
2389 2733 115 37 publie,

1767 2760 46 32 M.
1832 2763 130 40 Coignet
1977 2776 18 20 a
2008 2769 47 28 été
2065 2770 174 31 condamné
2250 2771 19 28 à
2282 2770 79 33 denz
2378 2773 79 30 moi*
2471 2773 38 30 de

1768 2803 106 37 priion
1887 2809 28 26 et
1929 2803 58 32 200
2002 2806 104 31 frane*
2126 2809 171 33 d'ameade.
2328 2811 45 31 La
2401 2812 40 30 loi
2472 2813 38 31 de

1768 2842 96 30 inrtia
1878 2844 50 30 n'a
1943 2854 56 28 pa*
2014 2848 46 28 été
2076 2848 164 39 appliquée
2256 2858 39 21 au
2322 2852 183 30 condamné.

1787 2921 6 6 _
1809 2881 58 32 Sur
1880 2882 31 31 la
1923 2882 154 35 demande
2091 2888 149 32 farmulée
2269 2898 54 28 par
2350 2893 31 27 la
2409 2891 98 38 partie

1767 2920 103 34 aivila,
1885 2924 156 35 présentée
2059 2934 53 30 par
2128 2927 34 31 M
2169 2920 5 47 -
2192 2927 162 40 Laneyrie,
2373 2930 41 31 da
2439 2931 53 30 bar-

1768 2968 73 22 reau
1857 2961 37 31 de
1905 2962 125 37 MAcon,
2043 2966 30 31 le
2088 2966 133 32 tribanal
2237 2976 19 21 a
2270 2969 182 37 condamné,
2471 2979 38 22 an

1767 3005 96 28 ontre,
1880 3001 45 30 M.
1941 3004 130 38 Coignet
2098 3006 18 30 à
2147 3015 93 30 payer
2271 3009 37 28 10
2322 3009 59 31 000
2402 3011 38 30 fr.
2471 3011 38 32 de

1767 3039 326 39 dommagM-intérfcl*
2108 3050 18 27 a
2139 3046 34 31 la
2185 3056 97 24 veuve
2306 3048 200 37 Pilisonniar,

1767 3086 30 22 et
1811 3079 19 28 »
1844 3080 58 30 000
1916 3081 38 31 fr.
1970 3083 19 30 à
2003 3092 33 20 ta
2052 3083 74 33 fille.

1808 3119 84 31 Dan*
1910 3130 54 21 son
1980 3123 204 38 réquisitoire,
2203 3125 45 31 M.
2271 3126 133 38 Adenet,
2421 3129 66 31 iubi-

1767 3157 79 37 titut,
1865 3161 83 31 avait
1961 3161 152 33 demandé
2128 3174 60 22 ane
2202 3167 91 37 peina
2316 3169 60 28 trè*
2406 3170 104 30 lévère

1767 3202 104 27 contre
1884 3201 30 31 le
1929 3202 158 37 coupable,
2106 3204 64 38 qui,
2189 3207 87 37 aprèi
2304 3207 86 32 avoir
2406 3211 51 28 tué
2476 3217 33 22 *a

1767 3239 137 35 victime,
1922 3241 84 31 avait
2020 3242 65 37 pri*
2099 3243 32 28 la
2145 3244 85 31 faite.

1860 3279 44 31 La
1918 3280 142 31 meilleur
2073 3292 111 30 moyen
2200 3285 146 33 d'arrêter
2370 3296 48 21 ce*
2443 3288 67 30 font

1768 3318 131 35 furieux,
1928 3321 87 30 a-t-il
2037 3321 56 35 dit,
2124 3324 51 37 qui
2209 3331 162 26 menacent
2396 3331 63 27 tcnt
2481 3328 28 31 le

1769 3359 122 34 monda,
1906 3359 70 31 c'est
1991 3360 38 30 de
2046 3364 66 28 leur
2126 3364 163 38 appliquer
2306 3366 28 30 la
2352 3367 116 37 priion.

1808 3396 50 33 Oa
1872 3398 64 31 voit
1949 3407 59 30 que
2021 3402 28 31 le
2066 3402 135 33 tribunal
2223 3403 71 32 l'est
2321 3409 94 35 rangé
2431 3409 17 27 A
2464 3411 46 28 oet

1768 3436 78 31 avii.

1768 3488 168 33 L'affaire
1951 3490 50 31 du
2015 3501 15 21 «
2049 3494 183 39 Pioupiou
2250 3496 46 31 de
2311 3496 22 31 1'
2349 3500 129 30 Yonne
2493 3508 15 21 »

1808 3539 103 38 Dijon,
1943 3540 37 31 19
2008 3546 175 28 novembre.
2265 3546 43 32 Le
2336 3553 174 32 protenaur

1770 3578 112 34 Hervé,
1902 3579 41 31 da
1962 3582 117 37 collège
2100 3585 37 27 de
2154 3585 87 35 San*,
2261 3594 53 22 *ar
2334 3588 28 30 le
2378 3596 52 21 oa*
2447 3589 63 28 da»

1769 3621 70 33 qsel
1854 3619 28 30 le
1897 3621 115 30 cenieii
2029 3622 201 39 académique
2246 3626 37 30 de
2300 3626 94 38 Dijon
2424 3628 86 30 avait

1769 3657 128 37 ajeerné
1917 3669 56 21 son
1990 3661 156 35 jugement
2174 3665 193 38 juiqm'Après
2399 3667 27 31 le
2444 3677 52 20 ver

1768 3696 51 31 d'e
1834 3698 37 31 de
1887 3699 30 28 la
1933 3698 83 31 Cour
2030 3700 145 33 d'aisiie*
2197 3704 38 31 da
2262 3704 142 38 l'Yonne,
2421 3707 89 30 vient

1769 3736 18 28 d
1800 3736 63 31 éire
1877 3738 97 31 iaviié
1988 3742 17 26 A
2020 3744 204 35 comparaître
2243 3744 112 30 devant
2373 3755 33 20 ta
2434 3746 60 35 juri-

1769 3775 116 32 diction
1900 3777 219 40 hiérarchique
2146 3783 43 30 la*
2219 3783 47 35 25,
2297 3784 38 30 26
2349 3789 28 26 et
2406 3787 37 28 27
2458 3795 39 21 ce

1772 3816 133 31 vembre.

1939 3857 57 30 Un
2019 3859 174 39 Fraaçaia
2215 3862 123 37 pendu

1808 3898 150 38 Londres,
1976 3901 39 30 if
2041 3908 176 28 novembre.
2303 3909 43 30 Le
2373 3909 136 37 fraaçaie

1772 3938 159 39 Faugeron
1946 3943 174 33 condamné
2134 3947 18 26 à
2174 3951 79 26 mari
2281 3957 74 28 pour
2380 3951 110 28 anasii-

1769 3983 53 26 nai
1838 3989 17 19 a
1872 3981 46 28 été
1935 3983 125 31 exéoaté
2073 3992 33 21 ce
2122 3986 109 30 matin.

1811 4017 24 31 Il
1852 4028 18 20 a
1884 4022 46 28 été
1946 4022 102 35 pendu
2062 4024 18 27 à
2093 4022 19 31 8
2130 4026 107 28 heure*
2256 4026 76 31 dan*
2357 4029 30 30 la
2404 4029 104 38 priion

1769 4057 37 30 de
1819 4057 163 40 Newgate.
1997 4061 130 40 Juiqa'a
2144 4065 30 28 la
2186 4063 44 32 fin
2245 4065 24 30 il
2296 4075 19 21 a
2339 4069 46 30 été
2400 4077 92 22 coura-

1768 4106 92 30 geox.

1812 4136 22 30 li
1853 4139 70 31 *'e»l
1936 4142 117 30 avanoé
2067 4150 67 22 veri
2158 4143 172 32 l'échafasd
2347 4156 141 28 accompa-

1769 4179 58 35 gné
1844 4178 72 31 d'an
1932 4180 97 37 prêlra
2041 4186 123 33 perlant
2174 4185 30 28 le
2215 4185 137 31 crucifix.

1808 4215 110 34 Arrivé
1933 4228 52 21 sur
2002 4224 28 27 la
2047 4222 80 35 piate
2144 4226 104 32 forme,
2265 4228 89 35 aprèi
2366 4226 43 31 lui
2425 4227 85 30 avoir

1769 4258 90 35 pané
1873 4258 30 30 1*
1919 4260 90 30 corde
2024 4270 39 20 an
2080 4270 57 21 cou
2147 4264 187 32 l'exécuteur
2347 4266 39 30 l'a
2400 4270 110 34 poané

1769 4303 52 22 ■ur
1837 4298 30 27 la
1891 4297 124 33 baicule
2033 4309 7 26 ;
2065 4299 21 30 il
2113 4309 45 22 an
2185 4303 102 31 tombé
2316 4305 174 31 immédiate-

1769 4342 84 24 ment
1869 4336 76 32 dani
1962 4341 27 28 le
2017 4339 70 31 vida
2114 4342 91 31 d'une
2230 4342 130 33 hauteur
2386 4346 37 28 de
2445 4350 65 34 irpl

1770 4376 87 37 pied»
1871 4387 7 25 ;
1892 4378 32 28 la
1939 4383 79 24 mort
2034 4388 18 20 a
2067 4381 45 30 été
2127 4382 203 32 instantanée.

1808 4414 128 38 Jusqu'à
1951 4420 31 26 la
1996 4417 45 31 fin
2054 4420 21 28 il
2092 4428 17 20 a
2134 4420 120 32 affirma
2282 4423 73 37 qu'il
2372 4424 73 30 était
2461 4426 33 30 in-

1769 4460 120 31 nocent,
1906 4456 128 38 n'ayant
2048 4459 50 38 agi
2113 4460 91 38 qa'ea
2230 4470 51 21 ca*
2309 4465 38 30 de
2374 4466 136 35 légitima

1770 4493 133 30 défense.

1796 4545 70 31 Los
1887 4546 171 33 bionfaits
2081 4550 46 31 do
2146 4550 35 32 la
2205 4552 149 32 défense
2375 4556 81 38 répu-

2061 4590 156 31 blicaine

1812 4626 98 35 Paris,
1928 4628 37 28 19
1978 4632 175 30 novsmbre.
2244 4635 26 28 Il
2304 4638 45 27 est
2378 4635 80 32 bruit
2471 4644 38 22 en

1769 4674 33 21 ee
1819 4674 136 24 moment
1970 4668 72 32 d'un
2057 4678 141 24 nouveau
2222 4674 214 32 dissentiment
2451 4684 37 21 en-

1770 4709 43 27 tre
1828 4714 41 22 un
1885 4708 123 37 général
2024 4713 28 26 et
2066 4711 28 28 le
2107 4711 143 33 ministre
2272 4713 38 32 do
2336 4715 31 31 la
2400 4723 109 28 guerre

1769 4753 39 22 au
1822 4746 78 37 sujet
1915 4746 41 31 du
1970 4747 214 38 déplacement
2198 4752 41 31 du
2265 4754 117 31 colonel
2419 4756 40 28 du
2474 4754 30 31 9'

1770 4785 149 35 régiment
1936 4786 37 31 de
1988 4787 193 33 cuirassiers.

1809 4824 44 32 Le
1891 4824 125 33 Conseil
2055 4828 53 30 des
2139 4830 154 32 ministres
2319 4833 52 38 qui
2407 4834 102 30 devail

1769 4865 86 28 avoir
1867 4865 63 31 lieu
1945 4874 34 21 ce
1995 4869 109 34 matin,
2120 4877 18 20 a
2150 4871 47 30 été
2211 4871 92 31 remis
2315 4880 18 21 a
2348 4874 158 28 vaadredi.

1804 4967 673 85 SENAT

2152 5105 92 32 Paris,
2261 5104 34 28 19
2309 5107 163 27 aovembre.

1812 5138 44 32 La
1872 5141 106 30 séance
1993 5144 45 30 ait
2065 5146 123 26 ouverte
2215 5144 18 27 &
2259 5141 18 28 8
2293 5141 31 30 b.
2342 5141 37 30 10
2393 5151 71 21 sous
2479 5143 30 30 la

1772 5179 178 37 présidenaa
1963 5180 38 30 da
2016 5179 45 31 M.
2081 5180 158 32 Fallières.

1812 5217 44 31 M.
1876 5219 146 30 Fallièrea
2049 5220 56 30 fait
2133 5220 106 38 l'éloge
2267 5222 128 30 funèbre
2408 5222 38 30 de
2461 5222 44 30 M.

1770 5261 28 26 le
1814 5258 125 30 docteur
1956 5258 148 34 Laurens,
2120 5262 139 28 «énateur
2275 5261 38 30 de
2326 5262 31 28 U
2385 5261 120 30 Drôme.

1778 5296 74 30 Puis
1871 5298 27 30 le
1926 5298 93 31 Sénat
2048 5300 144 31 cominue
2219 5300 31 30 la
2265 5300 175 31 discassion
2467 5300 41 31 du

1772 5337 98 37 projet
1883 5339 67 30 voté
1963 5346 56 31 par
2034 5339 28 30 la
2074 5339 156 32 Chambra
2239 5346 30 25 et
2282 5340 100 31 relatif
2393 5349 39 21 au
2441 5339 50 33 des-

1775 5376 175 31 lèehement
1964 5379 52 30 des
2029 5379 106 38 étangs
2152 5378 77 32 dans
2257 5378 28 33 le
2298 5378 210 39 département

1770 5415 37 30 de
1821 5414 94 32 l'Ain.

1811 5454 41 31 La
1869 5456 92 31 Sénat
1977 5456 109 38 adopte
2100 5465 38 24 en
2150 5457 149 37 première
2308 5457 200 32 délibération

1772 5502 41 21 un
1830 5496 96 35 projet
1944 5496 65 31 roté
2026 5505 54 28 par
2094 5497 31 30 la
2138 5497 156 31 Chambre
2308 5502 28 26 el
2350 5499 126 28 tendant
2491 5499 18 28 à

1774 5532 141 32 modifier
1930 5535 43 31 les
1993 5537 122 30 ailioles
2130 5535 58 32 170
2216 5541 28 26 el
2275 5536 54 30 171
2357 5538 41 28 da
2425 5538 84 30 Code

1770 5572 73 30 civil
1873 5584 7 24 ;
1910 5574 119 39 d'après
2080 5580 74 26 celle
2196 5575 220 37 modification,
2453 5585 54 21 nos

1770 5617 107 31 agents
1906 5614 240 38 diplomatiques
2170 5620 28 25 el
2220 5623 56 22 nos
2303 5617 124 28 consuls
2456 5626 35 20 au-

1772 5652 98 30 raient
1884 5652 169 32 désormais
2082 5659 27 25 la
2138 5654 78 30 droit
2244 5654 38 30 de
2296 5656 145 34 prcaêder
2470 5665 39 20 au

1774 5691 135 35 mariage
1924 5696 83 27 entre
2029 5701 44 22 un
2098 5693 146 35 Français
2270 5698 27 26 et
2322 5704 61 20 ui>e
2411 5698 84 27 étran

1769 5730 81 38 géra.
1870 5730 38 31 El
1923 5732 28 30 la
1967 5734 109 28 séance
2087 5737 46 26 esl
2146 5733 85 30 levée
2245 5733 18 28 à
2275 5734 19 27 4
2309 5733 118 31 heures.

1811 5770 116 31 Séance
1941 5771 146 31 vendredi
2104 5772 146 30 prochain
2263 5773 18 28 à
2296 5772 17 30 3
2329 5773 118 28 heures.

1775 5856 728 161 CtaMesMplft

2152 6034 93 32 Paris,
2261 6034 33 28 19
2310 6035 162 30 novembre.

1997 6081 124 30 SÉANCI
2137 6091 41 21 DU
2192 6091 99 22 MATIN

1813 6119 44 31 La
1871 6123 109 27 séacee
1991 6129 46 22 est
2052 6130 120 22 euverie
2186 6130 17 21 a
2219 6125 72 28 neuf
2301 6124 119 31 heures,
2437 6131 71 21 soos

1774 6159 30 30 la
1822 6161 176 34 présidenoe
2023 6161 38 30 de
2089 6162 44 28 M.
2164 6163 138 37 Àyaard,
2333 6164 65 30 vice
2413 6163 77 37 prési-

1774 6200 80 25 dent.

1773 6223 84 7 UQHIi

1911 6236 52 31 La
1983 6239 145 30 marine
2146 6241 226 28 marchande

1813 6292 47 32 0»
1889 6293 130 35 reprend
2044 6293 30 28 la
2102 6293 175 33 discussion
2301 6294 41 32 du
2359 6293 96 39 projet
2470 6293 37 32 de

1774 6328 40 32 loi
1825 6339 52 21 sur
1893 6331 28 30 la
1936 6334 118 28 marine
2069 6334 197 31 marohande.

2607 1095 45 31 La
2667 1096 155 30 Chambre
2846 1103 143 28 rspoaue
3017 1106 40 20 au
3086 1098 215 27 aaieudemeui

2567 1135 39 30 de
2620 1134 44 31 M.
2681 1134 167 31 Chastonet
2862 1134 156 31 réduisant
3034 1136 37 31 de
3087 1135 34 30 15
3149 1137 18 28 à
3194 1134 38 31 10
3246 1144 56 21 im

2567 1173 30 31 ls
2613 1174 92 30 durée
2719 1174 53 30 dei
2790 1175 124 35 prime*.

2606 1212 77 31 L'on
2698 1219 67 25 vote
2778 1214 118 28 ensuite
2913 1222 40 21 un
2969 1217 77 27 texte
3072 1214 37 31 de
3124 1214 50 31 M.
3200 1214 84 30 Mille-

2567 1252 77 30 rand
2659 1252 53 38 qui
2727 1253 100 30 dense
2841 1252 193 31 istiifaolioo
3056 1254 19 28 à
3089 1263 41 21 uu
3158 1254 120 30 amesde-

2567 1296 84 28 m«Dt
2665 1294 38 26 ds
2717 1292 44 28 M.
2773 1292 139 30 Caiielin
2928 1294 125 27 tendant
3076 1302 39 20 su
3130 1294 158 30 réisbline

2567 1335 84 26 mont
2680 1331 37 30 de
2745 1332 31 27 la
2790 1333 230 33 compsmaiisu
3057 1333 201 28 d'armement
3272 1336 30 27 et

2567 1371 53 30 dei
2635 1370 113 37 prime*
2764 1380 61 20 aux
2854 1371 133 30 veilitri.
3019 1371 25 28 Il
3073 1377 44 24 en
3143 1372 157 31 d'aillaur*

2565 1409 133 32 entends
2713 1417 59 31 que
2786 1419 48 22 ois
2861 1411 111 37 prime*
2988 1415 146 33 poirront
3149 1411 61 32 lire
3237 1419 48 24 tou

2567 1450 89 30 ohési
2670 1457 56 27 par
2738 1450 45 30 loi
2797 1452 120 30 navire*
2933 1450 161 31 francité*.

2604 1488 97 38 Après
2727 1491 72 35 rejet
2822 1489 37 31 de
2890 1491 79 30 deux
3005 1491 230 31 amendements
3262 1492 37 31 de

2567 1528 83 31 MM.
2665 1528 38 31 de
2720 1528 98 38 Mahy
2831 1534 30 25 et
2877 1530 168 35 Brindeaa,
3069 1531 128 30 l'article
3223 1531 19 28 2
3257 1532 40 28 da

2565 1569 97 39 projet
2674 1572 45 26 eil
2733 1569 111 38 adopté
2857 1570 18 28 à
2890 1570 99 30 main*
3005 1572 109 28 levées.

2607 1609 58 28 Sur
2679 1607 130 31 l'article
2835 1607 28 35 3,
2890 1607 45 30 M.
2960 1609 139 31 Castelin
3123 1610 111 30 défend
3257 1618 40 21 an

2564 1648 216 31 amendement
2799 1656 59 20 aux
2875 1651 110 26 terme*
3000 1649 112 38 duquel
3142 1651 43 28 le*
3211 1650 71 28 navi-

2565 1696 46 21 res
2628 1689 119 27 acheté»
2777 1689 17 26 à
2822 1687 162 38 l'étranger
2999 1689 137 37 paieront
3165 1697 38 20 an
3234 1696 43 21 mo-

2565 1731 83 26 meit
2663 1728 38 30 de
2715 1730 31 25 la
2759 1727 200 30 franeiiation
2974 1735 41 24 an
3031 1728 80 31 droit
3137 1728 37 31 de
3197 1727 39 31 60
3259 1728 38 31 fr.

2565 1774 56 31 par
2635 1770 91 25 tenne
2739 1767 37 28 de
2790 1767 73 37 jauj
2867 1774 13 21 s
2898 1766 96 31 brute.

2603 1806 262 34 L'amendement,
2883 1806 155 31 combattu
3053 1815 53 30 par
3130 1807 45 30 M.
3193 1806 89 31 Mille-

2564 1846 89 34 rand,
2674 1848 44 27 ait
2733 1845 156 31 d'ailleurs
2917 1847 144 37 repoasié
3089 1854 54 31 par
3157 1846 59 31 510
3230 1848 67 28 YOÎX

2564 1891 104 25 oontre
2680 1885 48 30 31.

2603 1924 46 31 La
2663 1926 110 28 séance
2786 1929 43 26 est
2843 1925 84 31 levé:
2943 1925 12 31 5
2975 1924 89 32 midi.

2604 1964 116 32 Séanee
2733 1964 83 38 jeudi
2831 1967 107 30 malin.

2606 2030 84 31 P.-S.
2756 2030 89 31 Voioi
2858 2031 28 30 le
2903 2034 79 27 texte
2996 2031 133 31 définitif
3141 2033 38 32 de
3202 2033 83 31 l'arti-

2564 2070 46 30 ole
2623 2070 19 30 2
2657 2072 67 30 voté
2739 2072 18 28 à
2772 2072 30 28 la
2815 2073 109 28 séance
2937 2072 38 30 de
2991 2080 33 21 oe
3039 2072 97 30 malin
3151 2080 9 21 :

2598 2131 25 27 A
2640 2131 66 27 titre
2719 2131 35 27 de
2767 2131 213 34 eenpeniation
2998 2131 46 27 de*
3065 2132 117 34 ohar|««
3206 2133 74 32 impo-

2565 2169 57 25 sés»
2637 2167 17 26 A
2672 2166 27 27 la
2714 2167 111 27 narine
2841 2166 174 28 Marchande
3031 2176 67 24 pear
3120 2169 27 26 le
3175 2170 107 26 riorute-

2565 2204 79 25 ■ent
2659 2203 27 26 et
2700 2202 26 27 le
2740 2202 106 27 servioe
2861 2202 33 27 de
2915 2203 27 26 la
2970 2203 112 26 marine
3110 2203 139 28 militaire
3276 2203 22 27 il

2563 2241 52 28 est,
2640 2244 64 19 toai
2731 2238 120 25 réurves
2880 2237 46 26 des
2953 2237 163 34 exceptions
3137 2239 162 26 éncméréas

2564 2272 70 27 dans
2650 2271 119 28 l'article
2784 2271 17 27 i»
2813 2272 129 34 oi-apr4»,
2960 2272 113 27 aooordé
3087 2274 15 26 A
3118 2274 60 27 teat
3202 2274 97 27 navire

2564 2308 32 26 de
2613 2314 67 26 mer,
2694 2314 34 20 ea
2745 2307 40 27 fer
2798 2315 37 19 on
2849 2315 33 19 en
2898 2307 85 33 acier,
2998 2308 79 27 armé
3091 2315 64 19 «oui
3170 2308 129 34 pavillon

2564 2342 124 33 français
2704 2349 69 27 poar
2784 2342 26 28 le
2824 2343 67 33 long
2904 2350 79 20 ooari
2999 2352 33 18 ou
3054 2344 131 33 cabotage
3208 2343 77 28 inter-

2565 2379 137 26 national.
2712 2378 135 33 jaugeant
2862 2379 64 33 plai
2935 2379 34 27 de
2980 2379 64 26 eent
3054 2380 144 26 tonneaax
3209 2379 90 32 brut*,

2563 2417 27 25 et
2604 2414 50 32 Agé
2668 2413 33 27 de
2717 2411 93 30 moin*
2830 2413 33 27 de
2877 2413 83 35 vingt
2975 2421 51 20 an*
3043 2414 120 31 révolu*,
3188 2421 54 20 une
3256 2413 28 30 al-

2564 2447 122 30 locatloa
2701 2447 59 28 dite
2774 2456 14 18 «
2809 2448 214 34 eempeniatioa
3052 2450 202 27 d'amsment.
3286 2457 13 18 >

2598 2483 41 28 La
2653 2483 214 35 eoaip«u*ation
2882 2484 188 27 d'amsment
3085 2492 70 26 pour
3182 2484 40 28 le*
3252 2492 32 20 va-

2564 2526 83 28 p*mr*
2657 2522 41 25 «*t
2730 2520 69 25 fixés
2815 2526 50 27 par
2895 2519 64 35 jour
2987 2519 189 28 d'armement
3204 2520 76 27 admi-

2565 2555 128 27 nistratif
2708 2556 27 26 et
2751 2562 50 27 par
2823 2557 123 25 tonneau
2978 2555 33 27 de
3034 2555 83 34 jauge
3149 2555 83 30 brute
3256 2558 28 25 to-

2564 2590 57 27 tale
2635 2590 17 27 it
2667 2597 8 20 :

2597 2623 18 28 0
2647 2624 34 28 fr.
2713 2623 18 35 C
2748 2623 17 35 5
2783 2623 70 35 poar
2894 2626 109 33 chaque
3033 2627 124 27 tornoju
3189 2626 110 33 joiqm'A

2563 2659 80 30 î.OOO
2652 2666 8 24 ;

2597 2695 17 27 0
2628 2695 34 27 fr.
2676 2694 32 27 01
2726 2702 70 27 peur
2807 2696 109 34 chaque
2930 2698 124 27 tonneau
3069 2705 34 19 en
3118 2705 47 19 lUI
3176 2696 33 27 de
3221 2694 81 30 2.00*

2562 2731 115 34 jasqu'i
2691 2730 93 28 9.000.

2596 2764 19 28 0
2628 2766 35 27 fr.
2679 2764 33 28 03
2730 2773 67 27 pear
2810 2767 110 33 ekaque
2930 2769 124 27 tonneaa
3063 2776 34 20 en
3111 2774 48 21 iai
3175 2767 33 28 de
3221 2765 80 31 3.000

2563 2802 112 33 jusqu'A
2689 2799 80 30 4.0C0
2779 2807 9 25 ;

2597 2835 18 27 0
2628 2836 34 28 fr.
2679 2835 33 28 02
2739 2843 72 28 poar
2837 2837 110 28 ehaaue
2975 2839 124 26 teinrau
3128 2846 34 20 en
3191 2845 47 21 ta*
3267 2837 33 27 de

2563 2871 17 27 4
2591 2870 63 30 OCO.

2598 2907 41 27 La
2654 2907 214 33 compensation
2882 2908 189 28 d'armemetft
3098 2916 69 27 pont
3182 2909 39 28 le*
3249 2916 35 20 na-

2563 2941 74 27 vins
2654 2943 111 26 àvoilut
2780 2946 41 25 est
2837 2944 79 32 fixée,
2948 2952 50 26 par
3022 2944 63 34 jour
3112 2944 188 27 d'armement

2563 2978 214 28 administratif
2791 2980 26 26 et
2833 2985 48 26 par
2915 2981 123 26 tonneau
3065 2979 33 27 de
3124 2979 84 35 jauge
3223 2980 79 27 trot*

2563 3014 96 32 totale,
2675 3021 35 20 au
2727 3012 44 33 1(3
2785 3013 33 27 de
2829 3014 71 27 eslle
2913 3014 47 27 des
2969 3022 133 26 vapeur*.

2597 3047 39 28 Le
2652 3048 118 28 nombre
2792 3048 32 27 de
2839 3050 76 33 jour*
2941 3050 189 27 d'armement
3159 3050 124 28 adminis-

2563 3084 83 26 tratif
2660 3085 129 26 donnant
2803 3084 58 27 liea
2872 3085 17 27 A
2916 3085 28 27 la
2957 3086 159 33 pereeptioa
3133 3085 33 27 de
3182 3086 26 26 la
3223 3092 60 20 com-

2564 3118 148 34 pensation
2724 3119 188 28 d'armement
2921 3123 41 25 est
2981 3119 97 28 limité
3094 3120 207 27 aumaxlmom

2563 3154 33 27 de
2610 3154 70 27 troi*
2694 3156 78 26 eeats
2787 3155 76 33 jour*
2878 3161 50 27 par
2942 3162 64 21 an*.
3034 3155 43 28 La
3089 3156 213 33 compensation

2563 3188 189 28 d'armement
2774 3196 61 21 icra
2859 3190 96 34 payée,
2985 3190 112 35 jusqu'A
3123 3198 32 20 ee
3176 3190 71 34 qu'il
3261 3190 43 28 ait

2563 3224 104 28 atteint
2680 3226 70 33 l'Age
2764 3224 33 27 de
2811 3224 83 34 vingt
2908 3233 52 20 ans
2975 3227 122 31 révolui,
3124 3227 18 26 à
3170 3228 63 25 toat
3248 3234 35 19 na-

2563 3259 61 27 vire
2640 3259 123 34 français
2778 3259 125 35 pendant
2917 3261 30 27 la
2960 3261 85 27 durée
3072 3261 33 27 de
3119 3262 43 33 .la
3176 3261 128 34 présente

2564 3294 50 27 loi.

2724 3357 123 32 SÉANOB
2871 3366 41 22 J»B
2934 3359 211 30 LAVRÉS-IIIDI

2604 3409 44 32 La
2663 3412 109 30 léance
2799 3416 45 26 est
2871 3416 124 27 ouverte
3020 3416 18 26 A
3058 3412 19 28 2
3094 3413 119 34 heurs»,
3233 3420 70 21 iodi

2564 3449 31 31 la
2608 3450 178 37 présidence
2803 3451 35 30 de
2856 3450 43 37 M,
2921 3451 171 32 Desobanel

2602 3489 51 31 An
2667 3491 92 28 débat
2785 3490 38 31 de
2837 3491 31 28 la
2882 3494 122 33 «ésnoe,
3021 3491 44 30 M.
3090 3491 138 31 Vaillant
3249 3493 37 30 de-

2565 3530 112 31 manda
2693 3539 58 28 que
2765 3540 54 20 ion
2849 3530 228 39 interpellation
3106 3540 50 21 par
3185 3533 30 28 la
3237 3540 50 21 sui-

2565 3570 128 37 pensiou
2709 3570 37 28 de
2763 3569 44 30 M.
2823 3570 189 34 Vailiaudet,
3028 3572 28 30 la
3072 3572 97 30 maire
3181 3572 106 30 antimi-

2564 3608 130 31 litariste
2709 3611 37 28 ds
2758 3609 148 38 Bourges,
2924 3611 58 30 soit
2996 3611 94 37 joints
3105 3612 18 28 à
3136 3611 31 30 1a
3181 3611 106 30 discus-

2565 3650 66 27 sion
2647 3648 43 30 da
2705 3650 112 37 bvdget
2830 3651 38 28 de
2882 3650 181 31 l'intérieur.

2606 3687 120 38 Malgré
2740 3689 197 38 l'opposition
2960 3690 39 30 de
3025 3690 45 28 M.
3098 3690 38 30 de
3162 3690 120 37 Baudry-

2564 3726 143 35 d'Aison,
2726 3729 52 37 qai
2792 3729 142 30 voudrait
2949 3731 31 26 la
2995 3729 175 31 diecanion
3191 3730 90 31 immé-

2565 3768 93 31 diate,
2675 3768 22 30 il
2713 3775 39 24 en
2766 3771 46 27 ait
2826 3768 81 30 ainsi
2923 3769 146 30 ordoacé.

2642 3819 214 39 L'esaprunx
2871 3828 98 30 peur
2985 3820 242 39 l'expédition

2849 3860 47 27 de
2917 3859 117 28 Chine

2603 3912 47 30 Oa
2666 3913 129 37 reprend
2810 3912 119 31 ensuite
2943 3914 28 27 la
2986 3913 172 30 discussion
3175 3913 41 30 da
3231 3922 54 28 pro

2563 3952 40 37 j«i
2620 3952 37 31 da
2669 3953 39 27 loi
2727 3957 92 30 aytnl
2836 3961 74 27 pour
2927 3952 80 37 objet
3021 3961 58 21 une
3104 3954 145 28 émission
3266 3953 37 31 de

2565 3996 97 26 rentes
2678 3991 18 30 3
2708 3991 51 30 0-0
2778 3994 201 34 perpétuel!a
3005 3996 28 26 el
3061 3993 30 28 la
3118 3993 168 35 régularisa-

2564 4031 64 30 tion
2643 4032 53 28 des
2708 4031 149 35 depeuses
2872 4031 37 30 de
2922 4031 198 37 l'expédition
3137 4033 37 28 de
3190 4032 110 31 Chine.

2604 4070 44 30 M.
2662 4071 157 34 Caillaux,
2837 4070 141 32 mininlra
2992 4071 52 30 des
3059 4071 150 34 floauoe»,
3226 4081 17 20 a
3273 4075 30 27 la

2565 4114 115 34 parois.

2606 4149 24 30 Il
2648 4150 123 30 déclare
2792 4150 73 37 qu'il
2890 4150 143 30 convient
3059 4150 38 30 de
3119 4159 141 22 rameser
3273 4152 30 28 la

2564 4189 176 31 discussion
2756 4192 196 28 commencée
2978 4191 65 28 hier
3070 4193 15 25 à
3112 4199 45 21 ses
3178 4199 111 30 propor

2564 4230 79 30 licn«
2659 4231 155 30 normales
2828 4230 52 38 qui
2907 4233 67 27 sont
3001 4230 91 31 celles
3117 4230 73 31 d'un
3207 4231 94 38 pruJaS

2563 4273 94 25 avact
2673 4276 65 24 tout
2753 4269 159 31 financier.
2940 4270 45 30 La
3012 4270 110 34 Chine,
3148 4270 45 31 dit
3209 4270 33 35 il,
3259 4274 45 27 est

2564 4317 41 21 un
2622 4309 69 31 Etal
2705 4309 52 38 qui
2773 4309 123 37 dispose
2908 4309 197 31 d'immenses
3118 4318 184 22 ressources,

2563 4356 28 24 •t
2604 4349 61 30 l'on
2687 4358 19 20 a
2720 4350 136 30 oonstalé
2870 4357 38 22 en
2923 4350 130 30 maintes
3069 4349 234 31 airconslances

2564 4387 111 39 qu'elle
2700 4388 156 38 apportait
2882 4389 136 37 toujours
3044 4388 77 31 dans
3149 4397 47 22 tei
3222 4390 66 37 paie-

2565 4433 98 25 ment!
2678 4436 60 22 une
2752 4428 198 37 scrupuleuse
2980 4429 175 35 régularité.
3175 4428 44 31 Le
3235 4437 50 28 pro-

2563 4467 40 37 jet
2619 4468 174 35 d'emprarl
2819 4468 98 30 aaluel
2944 4467 148 35 donnera,
3110 4467 93 38 qu'on
3233 4468 69 31 n'en

2563 4506 91 31 douta
2668 4515 66 30 pas,
2752 4507 197 30 d>xo«l!enti
2965 4508 154 28 résultais.

2604 4545 38 31 El
2657 4545 45 31 M.
2720 4546 146 30 Caillaux
2882 4546 168 39 développe
3079 4547 81 28 alora
3177 4546 112 31 d'abon

2563 4585 106 31 dantei
2686 4586 193 30 conclusions
2895 4593 37 22 an
2948 4594 58 20 vue
3025 4586 35 28 de
3077 4586 171 37 l'adoption
3266 4587 37 30 de

2563 4625 31 28 la
2606 4625 50 30 loi.
2673 4625 98 37 Aprèi
2786 4633 38 22 en
2839 4626 85 28 avoir
2948 4625 274 31 minutieusement
3248 4635 37 21 ax-

2564 4667 73 35 poié
2653 4667 28 28 la
2694 4665 198 32 méaanisme,
2909 4665 22 28 il
2948 4664 130 39 critique
3111 4667 31 27 la
3167 4667 136 30 telution

2564 4706 176 35 préooniiée
2753 4713 56 30 par
2824 4706 30 28 la
2870 4706 202 30 coramiiiion
3085 4704 40 28 da
3144 4706 117 34 budget
3274 4709 28 26 al

2564 4744 106 28 iniiite
2687 4752 76 27 pour
2778 4752 59 31 que
2858 4746 28 28 le
2902 4744 107 30 «hiflre
3025 4744 35 28 de
3079 4743 58 30 26§
3163 4746 138 30 millions

2563 4785 132 35 proposé
2724 4792 54 30 par
2806 4785 30 28 le
2863 4791 240 28 gouvernement
3131 4787 27 26 el
3188 4792 59 25 que
3273 4785 30 30 la

2563 4824 202 30 commission
2779 4824 143 28 voudrait
2937 4831 139 22 ramener
3104 4824 18 28 à
3149 4822 58 31 210
3230 4824 54 31 mil-

2563 4863 79 30 lions
2655 4863 58 30 soil
2727 4863 111 37 adopté
2852 4870 54 30 par
2922 4863 30 28 la
2968 4863 168 30 Chambre.

2603 4902 133 31 Chsmin
2766 4902 124 35 faisant,
2907 4903 27 30 le
2949 4902 139 30 ministrt
3103 4907 43 26 est
3162 4905 109 28 aminé
3285 4904 17 28 à

2563 4942 137 31 déolarar
2713 4941 77 39 qu'il
2805 4950 39 22 ne
2859 4942 64 30 faut
2935 4949 54 30 pas
3005 4941 109 31 établir
3143 4942 52 31 das
3221 4944 66 28 calé

2562 4981 99 39 goriat
2685 4981 112 32 dislinc
2811 4989 32 24 e>
2870 4981 154 30 d'intérêts
3058 4981 145 35 français.
3229 4981 56 39 (Ap-

2565 5022 240 37 plaudissement
2810 5037 11 12 J
2837 5030 39 21 au
2896 5020 125 38 centre).
3040 5020 26 31 Il
3080 5030 18 20 a
3107 5022 56 33 été,
3181 5029 74 30 poar
3268 5031 33 20 sa

2563 5066 78 32 part,
2659 5062 59 28 très
2733 5060 117 38 surpris
2865 5060 176 31 d'entendre
3066 5061 30 30 le
3109 5065 191 34 rapporteur,

2564 5099 45 31 M.
2628 5100 158 34 Hubbard,
2811 5100 66 30 dira
2900 5099 74 38 qu'il
2999 5099 164 38 exprimait
3190 5109 52 20 sur
3268 5109 32 22 ca

2564 5140 85 37 point
2663 5139 151 38 l'opinion
2828 5139 38 31 de
2880 5139 30 30 la
2929 5138 213 32 commission.

2602 5178 58 32 J'ai
2688 5179 61 30 moi
2767 5178 99 31 même
2896 5178 74 38 prié,
2995 5178 45 31 dit
3066 5177 45 32 M.
3138 5177 158 39 Caillaux,

2563 5219 80 30 deux
2666 5218 149 30 membres
2831 5218 38 30 do
2882 5218 30 30 la
2927 5217 202 32 commisaion
3155 5219 41 30 du
3223 5219 58 30 bud-

2563 5263 59 33 get,
2640 5257 81 34 MM,
2740 5257 136 30 Rouvier
2890 5261 28 26 at
2939 5257 130 34 Merlou,
3087 5258 37 30 de
3149 5267 105 28 passer
3281 5261 19 28 à

2564 5306 74 21 mon
2655 5297 119 30 cabinet
2790 5306 74 28 pour
2878 5306 77 21 nous
2968 5297 164 31 entretenir
3144 5298 19 28 à
3189 5307 33 22 ce
3248 5307 33 22 su-

2563 5337 51 38 jet.
2629 5337 83 30 Tous
2728 5336 79 30 deux
2823 5336 94 31 m'ont
2949 5336 122 31 déclaré
3089 5337 91 37 qu'ils
3209 5339 71 37 igno-

2564 5378 97 28 raient
2676 5378 31 27 la
2721 5376 178 30 distinction
2914 5376 112 31 établie
3051 5385 54 30 par
3135 5378 43 30 M-
3211 5378 72 31 Hub

2564 5417 85 28 bard.
2668 5414 182 37 (Nouveaux
2867 5415 325 35 applaudissements.)

2603 5453 45 31 M.
2666 5453 159 31 Hubbird.
2890 5452 35 32 Je
2941 5453 125 38 persiste
3079 5456 18 28 à
3111 5456 66 31 dire
3193 5465 58 28 qus
3272 5458 26 35 js

2564 5493 60 32 n'ai
2640 5496 46 28 été
2700 5502 59 28 qne
2776 5493 183 35 l'interprète
2986 5494 52 30 dei
3067 5497 177 30 sentiments
3261 5497 37 28 de

2563 5543 18 20 a
2595 5543 34 20 co
2642 5533 172 30 atmiiiion.
2830 5531 129 38 (Riroi.)

2608 5572 44 30 M.
2670 5572 143 30 Caillaux
2838 5572 128 31 termine
3007 5582 56 22 ion
3094 5575 137 30 disconri
3259 5582 38 22 ta

2564 5611 102 31 disant
2680 5621 59 28 qne
2753 5614 28 27 le
2793 5613 93 37 projet
2898 5613 40 28 da
2954 5620 240 30 gouvernement
3208 5622 72 21 cens-

2564 5652 74 30 titne
2653 5654 31 26 la
2699 5652 131 28 solution
2845 5654 31 26 la
2902 5654 69 34 plus
3002 5657 204 33 avantageuse
3233 5656 64 27 tant

2565 5700 38 19 au
2620 5691 85 35 point
2718 5689 38 30 de
2771 5699 57 20 vue
2843 5689 149 32 finacoisr
3034 5692 93 38 qn'an
3155 5693 86 33 point
3260 5693 38 31 de

2564 5738 58 21 vue
2636 5730 53 30 dei
2704 5731 123 30 intérêts
2839 5732 37 28 de
2893 5732 27 27 la
2933 5731 117 32 Franoe
3074 5739 38 24 en
3139 5731 155 33 Extrême-

2564 5769 116 31 Orient.

2652 5820 256 30 Intervention
2928 5823 46 27 de
2995 5822 44 30 SI.
3063 5822 150 30 Sembat

2603 5859 45 31 M.
2678 5861 113 30 Marcel
2828 5862 123 31 Sembat
2974 5863 113 35 répond
3103 5863 78 30 àM.
3209 5863 67 30 Cail-

2564 5900 72 30 laox
2650 5908 38 22 en
2701 5906 126 31 prenant
2844 5902 18 28 à
2876 5902 97 37 partie
2998 5902 26 28 ia
3051 5907 240 30 gouvernement

2564 5941 51 34 qui
2631 5940 128 33 devrait,
2773 5941 45 28 dit
2832 5941 34 34 il,
2890 5941 47 28 s'il
2952 5943 72 27 vent
3050 5946 92 25 rester
3172 5941 120 39 logique

2564 5987 72 21 aveu
2652 5979 44 30 loi
2713 5980 99 30 môme
2826 5980 126 37 déposer
2988 5987 40 21 un
3065 5980 96 38 projet
3194 5980 73 31 d>m-

2567 6022 92 33 prunt
2673 6027 77 30 pour
2763 6027 94 30 payer
2871 6019 43 31 Irs
2929 6020 141 30 erôances
3083 6019 37 31 de
3136 6019 70 30 MM
3234 6019 38 31 Lo-

2563 6058 96 31 rando
2673 6065 28 26 et
2717 6058 123 31 Tubini.
2876 6058 102 38 (Rires
3013 6064 31 25 et
3077 6059 196 37 applaudisse-

2563 6104 99 24 ments
2682 6098 17 30 à
2714 6096 312 40 l'extrême-gtuche.)

2601 6136 156 32 L'arateir
2771 6137 152 30 sooialiite
2941 6139 124 34 attaque
3087 6137 118 31 ensnite
3220 6145 71 21 aven

2564 6177 182 30 véhénsecee
2760 6177 43 30 les
2817 6176 143 30 missions
2979 6176 189 37 eatheliques
3181 6177 73 30 dont
3269 6177 21 30 il

2562 6222 38 24 ■e
2614 6221 71 28 prut
2696 6217 146 30 admettre
2867 6222 58 31 que
2948 6215 28 30 le
2998 6221 237 30 gouvernement
3254 6216 37 30 de

2561 6255 31 28 la
2607 6255 193 38 République
2809 6255 129 31 endosse
2950 6254 30 28 la
2992 6255 242 35 responsabilité.
3248 6255 43 31 Ce

2561 6302 59 30 que
2633 6296 28 30 le
2675 6299 237 35 gouvernement
2933 6293 159 35 demande,
3110 6293 44 31 dit
3168 6295 34 33 il,
3219 6294 72 32 o'*it

2561 6343 59 28 que
2633 6335 45 31 lei
2701 6333 224 32 contribuables
2952 6333 131 35 français
3109 6334 113 31 taisent
3246 6335 44 31 les

3357 1098 73 30 frai»
3445 1102 52 28 dei
3511 1102 185 27 indemnité*
3711 1108 59 28 que
3787 1102 60 27 l'ou
3862 1108 32 21 se
3912 1108 125 30 propos*
4054 1102 37 27 de

3358 1146 92 30 payer
3464 1148 40 21 au
3517 1140 246 37 coßgrégations.
3782 1139 54 34 Or,
3853 1141 43 28 le*
3909 1139 162 30 contribua-

3357 1178 61 30 bles
3433 1187 37 21 ne
3485 1182 167 26 «ealleua*
3666 1179 37 28 ia
3713 1186 94 30 payer
3819 1186 61 31 que
3887 1183 45 25 les
3941 1180 148 34 dlpaase*

3356 1217 37 30 de
3416 1218 92 30 l'Etat
3541 1217 321 39 (Applaudiuemants
3893 1220 18 27 à
3935 1218 155 31 l'extrême

3354 1257 143 38 (snobe.)

3397 1294 46 32 Sa
3468 1297 175 34 temiaaat,
3670 1296 45 31 M.
3742 1297 117 31 Marcel
3887 1297 125 31 9imbat
4036 1297 35 30 de-

3357 1336 111 30 mande
3482 1345 39 20 au
3534 1341 237 32 gouvernement
3795 1337 38 30 de
3854 1337 235 37 osinmuniquer

3356 1375 17 28 à
3389 1376 28 27 la
3439 1376 198 30 comminion
3661 1376 43 31 du
3728 1376 112 32 budget
3862 1377 30 30 le
3913 1380 78 27 texte
4016 1376 73 30 d'an

3356 1420 123 33 rappsrl
3494 1415 145 31 tuoreldu
3652 1419 122 33 général
3788 1415 122 39 Voyroa
3922 1416 63 38 qui,
3994 1416 44 30 dit
4054 1415 32 34 il,

3353 1462 18 20 a
3386 1457 45 27 été
3446 1455 123 31 adreisA
3585 1463 38 20 au
3639 1455 138 31 miuiitre
3791 1456 38 30 da
3844 1456 30 28 la
3894 1455 118 30 marina
4024 1457 19 26 à
4058 1455 31 28 la

3354 1493 78 31 tuile
3446 1494 38 30 de
3498 1494 151 38 l'enquête
3665 1495 154 31 ordonaêa
3835 1504 54 28 par
3913 1496 26 28 la
3958 1502 113 30 gouver

3353 1539 124 25 nement
3490 1543 51 21 lur
3556 1537 44 27 la*
3618 1534 126 37 pilisges
3759 1535 38 30 da
3811 1533 112 32 Cbine.

3407 1579 146 41 Discours
3583 1579 38 41 de
3645 1579 35 41 H.
3704 1579 334 41 Waldtck-Boisssai

3393 1649 111 33 Qiand
3521 1649 26 30 le
3563 1649 154 37 président
3732 1649 41 30 du
3801 1649 124 31 Ceoseil
3954 1656 102 24 mont*
4069 1651 20 28 à

3353 1689 31 27 la
3398 1688 130 34 uibane,
3547 1695 41 21 na
3602 1688 45 28 vif
3678 1694 198 25 ansveaieat
3902 1689 180 32 d'attention

3354 1736 30 18 *p
3400 1728 130 30 nroduit.
3548 1727 48 31 On
3613 1734 65 24 sent
3693 1728 112 38 qu'uue
3821 1729 58 30 f«ii
3900 1729 39 31 da
3952 1731 80 33 plus,
4041 1729 44 28 M.

3353 1766 339 32 Waldeck-Rouue&a
3720 1776 37 20 va
3785 1768 78 31 tenir
3887 1776 43 21 ai
3956 1769 130 37 langtge

3354 1806 52 35 qui
3426 1814 37 22 ne
3477 1806 64 30 fera
3556 1806 94 39 qu'an
3671 1807 151 31 médiocre
3852 1807 106 38 plaisir
3973 1808 18 28 à
4007 1812 81 27 toute

3352 1853 61 22 oue
3429 1846 96 37 partie
3540 1846 37 31 de
3593 1854 33 21 ia
3641 1847 152 35 majorité.

3392 1884 44 32 Le
3467 1891 248 32 gouvernement,
3752 1891 207 26 commenoe-l
3974 1886 20 31 11
4030 1896 56 28 par

3352 1923 148 35 déclarer,
3529 1933 38 22 na
3599 1930 71 26 vent
3704 1932 54 31 pai
3796 1928 107 28 laitier
3956 1926 130 30 tabiilar

3353 1965 31 30 la
3399 1964 139 31 moindre
3554 1967 170 35 équivoque
3738 1974 38 21 en
3791 1974 34 21 ce
3861 1965 52 38 qui
3937 1975 149 21 concerne

3353 2003 28 30 la
3399 2004 148 37 politique
3562 2006 98 30 suivie
3678 2014 52 30 par
3746 2006 43 30 lui
3813 2006 77 31 dam
3906 2007 43 30 lei
3965 2007 120 30 affaire*

3352 2042 176 31 d'Extrême
3543 2042 116 31 Orient.

3391 2083 85 30 Cent
3491 2085 148 37 politique
3654 2083 50 32 n'a
3717 2094 54 28 pai
3788 2086 46 30 ité
3850 2094 71 21 MIS
3947 2087 136 32 résultat,

3352 2126 28 27 et
3396 2125 30 27 la
3442 2124 117 30 France
3574 2133 84 25 anra,
3676 2128 201 31 notamment,
3902 2127 17 26 à
3951 2126 137 37 prélever

3352 2171 34 22 «e
3402 2165 50 34 qui
3467 2164 44 28 lai
3526 2163 116 32 revient
3653 2172 38 22 en
3709 2165 98 31 bonne
3831 2165 107 37 justice
3953 2173 52 21 mr
4020 2165 52 31 l'in-

3353 2203 135 31 demnité
3502 2203 120 38 globale
3637 2211 59 30 que
3705 2205 44 31 lei
3765 2205 180 37 painanee*
3959 2205 128 31 devront

3353 2250 31 24 H
3413 2246 152 33 partager.

3392 2282 84 31 C'tit
3490 2287 76 26 cette
3580 2283 170 31 indemnité
3769 2283 53 39 fui
3837 2283 97 31 ferme
3954 2284 30 30 le
4010 2291 78 30 gage

3352 2322 39 31 de
3404 2321 165 38 l'emprunt
3585 2322 92 38 qu'on
3693 2322 151 33 demande
3860 2322 196 39 aujourd'hui
4069 2324 19 30 à

3353 2361 31 31 la
3398 2361 156 32 Chambre
3568 2361 37 32 de
3620 2368 94 26 voter.

3392 2400 141 33 Cerlaini
3547 2401 180 32 voudraient
3742 2402 66 31 voir
3829 2404 123 31 exclue
3978 2402 41 31 du
4042 2405 28 30 ré-

3352 2439 84 39 gime
3450 2440 38 32 de
3498 2443 233 37 oompeniatioi
3762 2443 150 38 légitime»
3941 2443 52 39 qui
4024 2443 64 31 doit

3352 2481 64 30 être
3430 2481 91 30 établi
3536 2490 38 22 an
3589 2481 105 31 (aveur
3709 2483 53 31 dei
3785 2483 143 31 victime*
3952 2484 39 30 de
4016 2483 57 31 l'in-

3354 2522 167 31 ■urretlien
3537 2522 138 31 ohinoiie
3690 2523 43 30 lei
3746 2524 231 35 congrégation»
4006 2523 64 31 fran-

3354 2562 96 34 çaliei
3480 2562 52 37 qui
3566 2561 84 32 n'ont
3680 2570 56 28 pai
3759 2563 183 31 d'exiifence
3977 2563 109 37 légale,

3356 2600 80 30 liai»
3451 2602 73 30 elle»
3541 2606 52 25 ont
3607 2609 59 22 une
3683 2602 155 32 exiitence
3853 2603 37 30 de
3915 2602 64 35 fait,
3994 2608 30 25 et
4041 2610 31 22 »e-

3354 2640 96 31 -rait-il
3465 2640 180 32 adminible
3659 2642 92 37 qu'on
3767 2642 65 30 leur
3859 2642 35 31 fit
3918 2642 86 30 inbir
4030 2642 52 30 de»

3354 2680 174 32 condition»
3544 2681 73 30 dont
3632 2681 27 30 le
3673 2681 70 38 plui
3757 2689 92 31 grave
3872 2681 216 32 inconvénient

3354 2720 91 31 ■erait
3464 2720 38 31 de
3515 2724 102 35 porter
3632 2720 124 32 atteint*
3771 2725 18 27 à
3803 2720 177 32 l'loßoence
4005 2721 38 31 de
4057 2722 32 30 la

3357 2759 117 32 Pranoe
3485 2767 38 24 en
3541 2759 142 32 Bxlréme
3698 2759 109 33 Orient
3821 2759 17 32 ?
3854 2759 220 40 (Applaudliie

3356 2805 99 25 menti
3469 2809 40 22 ai
3524 2804 105 27 centre
3643 2804 28 27 et
3684 2809 52 22 inr
3749 2799 102 33 diveri
3867 2805 91 26 bano»
3973 2803 18 28 à
4005 2810 63 28 gau-

3354 2837 80 39 che.)

3393 2878 132 32 Réfuter
3541 2889 59 20 anx
3617 2880 231 31 millionnaire»
3862 2889 63 22 non
3938 2888 150 24 reconnu

3356 2920 52 37 qui
3424 2923 67 27 ion!
3511 2920 107 31 établit
3643 2928 39 24 en
3703 2920 100 31 Chine
3824 2921 37 30 de
3886 2922 43 28 lei
3952 2922 137 37 protéger

3354 2968 120 21 comme
3489 2968 53 21 noi
3560 2959 117 35 clients,
3691 2968 33 21 oe
3736 2960 91 31 terail
3840 2961 115 30 réfuter
3965 2961 38 28 du
4013 2961 76 31 faire

3356 2998 139 32 honneur
3510 3000 19 30 i
3543 3000 31 30 la
3589 3000 154 35 signature
3758 3000 38 31 de
3810 3000 31 30 la
3857 3000 117 31 Pranee
3991 3000 83 38 (Nou

3356 3046 98 22 veaux
3476 3039 322 38 applandinemenli).
3823 3039 159 32 Admettre
4005 3039 83 32 eufiu

3356 3078 71 38 qu'à
3441 3079 9 30 1
3463 3080 138 35 étranger
3617 3083 28 27 et
3663 3079 77 31 dam
3764 3083 44 27 lei
3831 3089 74 28 paya
3921 3079 38 31 de
3972 3085 102 32 protee

3357 3122 86 31 tarai,
3461 3118 116 38 l'églite
3600 3118 176 38 catholique
3801 3122 99 34 peine
3925 3119 66 38 agir
4015 3120 18 28 à
4056 3128 33 21 «a

3354 3157 89 38 guiia
3455 3161 30 28 et
3500 3167 71 22 uni
3587 3158 143 34 contrôle,
3748 3167 34 22 oe
3796 3158 87 31 lerait
3896 3157 44 31 lui
3957 3157 74 32 faire
4049 3168 40 21 un

3357 3197 126 33 cadeau,
3501 3206 59 30 que
3574 3197 152 35 l'orateur,
3744 3206 77 30 pour
3843 3207 33 21 ta
3901 3202 67 33 part
3993 3207 38 22 ne
4044 3198 45 30 lui

3356 3237 64 31 fera
3433 3237 122 37 jamais.

3394 3275 98 34 Après
3516 3276 85 31 avoir
3625 3276 135 38 invoqué
3782 3278 27 30 le
3841 3276 190 38 témoignage
4052 3278 37 31 de

3358 3315 45 31 M.
3423 3317 117 30 Pichon
3554 3320 27 27 et
3596 3318 102 28 donné
3713 3320 113 26 laoture
3852 3322 18 24 a
3892 3319 30 27 la
3934 3317 155 31 Chambre

3357 3356 91 31 d'une
3461 3356 84 31 lettre
3563 3358 77 28 dani
3665 3358 132 35 laquelle
3821 3357 123 30 celai-ci
3969 3361 120 26 raconte

3357 3396 44 30 lei
3415 3397 87 28 exoôi
3516 3397 129 30 commit
3660 3405 54 28 par
3729 3398 44 30 les
3795 3396 124 35 Baxcrt,
3939 3396 32 30 M
4002 3397 72 30 Wal

3358 3436 76 30 deck
3450 3435 162 32 Rousseau
3626 3436 115 38 répond
3756 3437 18 28 à
3789 3438 30 28 la
3840 3437 138 31 dernière
3996 3437 94 37 partie

3358 3476 39 28 du
3413 3476 138 30 diecours
3567 3476 38 30 de
3621 3476 44 30 M.
3683 3476 135 30 Sembat.

3397 3514 48 31 Oa
3461 3524 76 21 nous
3555 3526 18 19 a
3588 3515 161 34 demandé,
3767 3515 93 37 dit-il,
3891 3516 38 31 de
3952 3526 110 21 oaam-

3358 3555 107 38 niquer
3482 3557 15 26 à
3515 3556 28 27 la
3556 3555 198 31 commission
3771 3555 43 30 da
3828 3556 113 33 budget
3965 3557 28 30 le
4022 3566 50 28 rap-

3358 3600 66 31 port
3441 3594 35 31 de
3494 3594 43 30 M.
3555 3596 26 28 lo
3593 3594 124 37 gécéra!
3733 3595 138 38 Voyron.
3891 3595 43 31 Ce
3966 3600 124 33 rapport

3358 3633 73 31 dont
3446 3643 39 21 en
3502 3639 70 25 veut
3587 3634 74 30 faire
3694 3644 41 21 ua
3774 3635 202 37 epsuvantail
4004 3638 87 27 traité

3359 3673 254 38 princpalsment
3628 3674 37 30 de
3689 3674 146 31 certaines
3865 3674 224 31 modifieatiois

3358 3716 18 26 k
3391 3719 141 32 apporter
3544 3723 61 21 aux
3632 3715 180 35 règlements
3847 3715 38 30 de
3917 3716 116 28 service
4054 3723 37 22 eu

3358 3762 170 27 campagne
3541 3757 30 26 et
3593 3754 252 31 acceaoirement
3880 3755 34 30 ds
3944 3755 145 30 oeriaiaes

3358 3793 97 38 prisas
3469 3796 39 26 de
3522 3793 99 31 bâtis*

3397 3830 43 31 La
3467 3839 237 30 gouvernement
3737 3833 254 39 eonmuniqnera
4018 3834 18 28 à
4063 3834 28 28 la

3358 3872 198 30 commiision
3567 3873 130 34 chargée
3712 3873 198 30 decoEtrôiîr
3926 3873 165 38 l'emprunt

3358 3913 41 27 les
3417 3912 98 35 pièces
3534 3913 52 35 qui
3611 3915 146 31 pouriout
3790 3913 128 28 éclairer
3952 3921 33 19 sa
4020 3913 56 28 reli-

3357 3959 19 28 g
3391 3960 46 19 oi..
3456 3952 104 33 Quant
3575 3953 18 26 à
3607 3952 90 28 «elles
3711 3959 51 22 sur
3778 3952 162 38 le?qaellei
3958 3952 26 28 1«
3999 3953 73 37 géné-

3358 3994 44 25 ral
3420 3991 124 37 Voyroo
3560 3998 17 21 a
3602 3992 109 28 inscrit
3737 3993 26 27 le
3791 3998 63 22 mot
3882 3991 207 35 ronfidiitiJ-,

3357 4031 73 30 elies
3445 4038 37 21 ne
3498 4035 100 25 seront
3611 4031 109 35 jamais
3731 4031 263 39 commQciqaeei.
4012 4031 77 34 (Vifs

3358 4070 300 37 applaudissements
3687 4078 39 21 au
3751 4076 103 26 ojnire
3880 4080 27 21 et
3935 4070 17 30 à
3984 4071 105 30 droite.

3358 4109 155 31 Rumeur»
3524 4110 17 28 à
3556 4108 141 39 gauchit).

3398 4148 69 31 Une
3482 4150 70 27 voix
3578 4148 211 32 —Cummeet
3803 4157 48 22 oes
3865 4149 113 30 mômai
3991 4150 99 37 pièce*

3358 4198 52 22 ont
3424 4188 73 31 rlles
3511 4189 44 30 été
3572 4191 249 35 communiquées
3836 4191 18 27 à
3878 4188 43 31 M.
3935 4187 125 32 Ssmbat
4076 4188 15 30 ?

3397 4228 45 30 M.
3471 4227 341 35 VVfcidtck-Rousseau,
3837 4238 71 21 Bans
3943 4231 149 35 répeudru

3358 4269 18 30 à
3390 4267 236 38 l'interruption,
3656 4269 128 30 termine
3807 4278 54 20 ion
3888 4269 138 30 diicours
4054 4277 37 21 en

3358 4307 157 30 déclarant
3528 4317 58 27 que
3600 4309 27 28 le
3641 4311 239 34 gouvernement
3894 4318 19 19 a
3927 4318 41 20 un
3981 4309 110 30 doable

3358 4348 105 30 devoir
3490 4350 52 34 qui
3570 4351 44 26 est
3645 4350 37 27 de
3711 4349 150 30 conttéler
3888 4348 124 31 l'action
4038 4350 52 27 des

3358 4388 145 28 missions
3520 4387 167 35 françaises
3699 4393 30 22 et
3749 4388 37 28 de
3801 4388 143 30 défendre
3958 4389 41 30 les
4016 4388 61 30 inté

3358 4427 59 28 rêts
3433 4427 167 30 nationaux
3626 4435 39 21 eu
3693 4426 280 33 Extrême-Orient.
4009 4427 26 30 A
4058 4435 33 22 ca

3358 4466 113 31 devoir,
3489 4467 21 28 il
3526 4474 38 21 ne
3579 4466 115 30 sacrait
3705 4467 105 30 faillir.

3399 4505 72 30 Pais
3488 4506 87 35 après
3589 4505 84 30 avoir
3699 4506 53 30 fait
3775 4505 107 39 l'éloge
3906 4506 37 31 de
3966 4506 27 31 la
4020 4514 53 22 con-

3358 4544 123 31 vention
3496 4545 125 31 conclue
3635 4554 73 21 SI«I
3730 4546 30 31 la
3782 4545 99 32 Chine
3904 4546 90 37 grise
4009 4550 17 26 à
4045 4545 44 32 M.

3360 4584 109 31 Fàïier
3490 4589 27 26 et
3540 4593 60 21 aaz
3625 4590 109 26 termes
3759 4585 37 31 de
3810 4586 132 37 lsquclie
3958 4587 43 28 le:
4018 4586 58 30 ait

3358 4624 170 30 •ionnairea
3543 4633 39 21 ne
3595 4624 124 31 doivent
3735 4633 53 28 pas
3804 4624 144 38 l'iagôrer
3970 4625 76 30 dans
4061 4625 31 30 la

3357 4663 150 35 poliliqae
3546 4663 163 32 intérieure
3741 4664 41 30 da
3817 4663 270 38 Céleste-Empire,

3358 4702 45 31 M.
3432 4703 334 31 Waldeck-Rousseau
3796 4702 63 39 (qai
3895 4703 50 30 n'a
3973 4704 54 28 fait
4052 4713 37 21 en

3356 4750 119 21 «ivme
3489 4750 59 30 qae
3563 4743 126 30 rééditer
3706 4744 27 30 le
3748 4743 138 30 direours
3901 4744 142 37 éloquent
4055 4744 37 30 de

3359 4781 44 30 M.
3422 4781 103 37 Riboi)
3542 4783 122 30 eecelut
3679 4792 53 28 par
3746 4791 50 22 cei
3811 4786 78 26 mots
3908 4792 7 20 :

3396 4830 15 20 «
3429 4821 44 31 La
3489 4822 117 30 Francs
3621 4822 76 30 n'est
3713 4831 52 28 pas
3782 4831 41 21 un
3841 4831 74 28 paya
3931 4831 71 21 aani
4028 4822 47 30 his-

3358 4861 74 30 toire
3448 4863 52 37 qni
3516 4864 102 34 puiisa
3634 4870 28 21 sa
3679 4863 164 30 renfermer
3859 4863 78 30 dam
3953 4864 43 28 lei
4007 4863 66 28 limi-

3358 4904 41 27 te»
3416 4902 37 30 de
3469 4909 46 24 tei
3529 4902 167 33 frontières,
3706 4905 30 26 et
3751 4904 80 27 toute
3846 4903 31 28 la
3889 4902 148 38 politique
4050 4903 41 30 du

3356 4945 239 32 gouvernement
3608 4941 76 30 n'est
3699 4941 120 31 animée
3833 4948 59 31 qae
3906 4942 91 30 d'une
4007 4943 84 30 seule

3358 4982 109 35 peniée
3483 4988 8 24 :
3510 4981 74 30 faire
3595 4988 38 22 en
3646 4984 78 26 sorte
3739 4980 73 38 qu'il
3837 4981 93 31 laisse
3943 4982 87 37 après
4048 4981 43 31 lui

3356 5020 31 30 la
3402 5020 116 31 France
3528 5020 69 38 pins
3608 5020 74 31 forte
3692 5023 28 27 et
3731 5020 70 38 plus
3813 5022 150 35 respectée
3976 5029 58 30 que
4045 5021 31 38 ja-

3357 5060 92 30 mais.
3471 5057 346 39 (Applaadissements.)

3394 5098 45 31 La
3455 5099 79 30 «uite
3548 5098 38 31 de
3599 5099 31 30 la
3644 5098 174 33 discussion
3846 5104 44 27 est
3905 5101 154 37 renvoyée
4071 5101 19 30 i

3354 5138 93 38 jeudi,
3465 5137 19 30 2
3498 5137 119 32 heures.

3393 5177 45 31 Le
3465 5177 100 32 même
3593 5177 77 38 jonr,
3687 5179 19 30 à
3732 5178 20 31 9
3776 5178 107 32 heures
3908 5178 40 31 da
3979 5178 106 37 matin,

3354 5217 209 31 continuation
3580 5216 41 32 du
3635 5217 91 32 débat
3742 5228 51 21 sur
3819 5220 31 27 la
3876 5218 119 31 marine
4009 5226 59 22 mar-

3354 5256 130 30 chande.

3358 5353 66 65 La
3465 5353 195 70 Guerre
3696 5359 74 76 jju
3806 5356 276 66 Transvaal

3487 5467 51 25 la
3556 5470 159 26 reaéré*
3735 5470 50 26 da
3804 5470 151 27 Bewett

3386 5498 161 37 Bruxelles,
3566 5503 31 26 19
3612 5504 162 27 navembre.
3790 5503 79 30 —Si
3894 5505 54 27 l'oi
4016 5505 70 28 «reit

3351 5533 46 27 W«8
3413 5537 145 27 îouvelles
3583 5545 154 26 parvenues
3752 5539 17 27 à
3796 5539 162 27 Brarellei,
3985 5539 99 30 Dswet

3351 5570 93 27 aurait
3459 5572 201 27 actuellement
3676 5582 63 20 «on
3752 5582 43 19 «M
3808 5575 93 27 ordres
3912 5574 18 28 8
3939 5574 53 28 000
4006 5576 60 26 hem-

3352 5611 69 24 mts,
3437 5607 67 28 doßt
3521 5607 78 27 I.BQO
3612 5608 190 27 Afrikssder»
3829 5611 27 25 et
3883 5611 85 25 serait
3997 5617 47 20 sur
4059 5611 26 26 1«

3351 5640 81 34 polit
3446 5641 33 26 de
3503 5642 117 33 prendre
3651 5643 248 34 vigoureusement
3927 5643 158 30 l'offensive

3351 5674 70 26 dans
3436 5675 26 27 la
3477 5678 69 25 nord
3560 5676 33 27 da
3607 5678 90 28 l'lUt
3711 5679 149 34 d'Orange.
3876 5679 33 28 SI
3934 5680 25 26 la
3991 5680 51 27 'ait
4056 5688 30 20 se

3350 5711 145 33 «onflrnea,
3511 5712 22 27 11
3550 5713 162 32 prouverait
3728 5721 53 26 |ia
3796 5714 26 27 la
3849 5714 113 33 général
3993 5717 61 25 hoir
4069 5724 17 20 a

3351 5745 56 26 mil
3420 5746 15 26 à
3454 5746 81 34 profit
3549 5747 40 26 lea
3604 5746 46 28 six
3665 5748 73 27 moi*
3754 5748 125 34 pendant
3893 5750 122 34 lesquels
4030 5751 22 27 il
4068 5759 17 20 a

3350 5778 54 28 («il
3420 5780 25 27 la
3467 5783 84 25 sert.

3392 5828 257 33 •épartatlon
3664 5830 48 27 de
3725 5831 174 26 Madame
3913 5830 126 35 Htrljn

3384 5870 157 32 Broxallai,
3559 5872 32 26 19
3606 5875 162 27 ooveabre.
3854 5876 39 26 Le
3915 5876 78 26 PttU
4010 5876 72 28 Bl*u

3348 5914 136 25 annease,
3501 5907 107 34 d'après
3624 5916 54 19 une
3710 5910 119 34 dAplebe
3846 5910 178 32 particulière
4049 5914 33 27 de

3348 5941 130 33 Londres,
3495 5949 53 26 que
3562 5941 81 28 Mme
3656 5943 104 37 Steljn,
3772 5946 104 26 femme
3891 5946 37 27 da
3940 5947 142 33 président

3347 5974 33 27 de
3393 5975 87 28 l'llal
3495 5976 73 28 libre
3582 5978 149 35 d'Orange,
3748 5980 80 27 Tient
3847 5980 84 27 d'ltre
3954 5982 128 31 déporUa

3347 6011 148 35 d'Afrique
3509 6020 67 19 aveo
3591 6021 41 19 aei
3647 6014 66 34 einq
3730 6015 120 30 enfanta,
3876 6022 66 20 sans
3958 6018 107 34 sxplisa-

3347 6046 87 32 lion*,
3448 6051 27 22 et
3489 6046 84 28 d'être
3587 6048 169 35 eoabarqa4e
3775 6058 67 26 paar
3857 6050 131 35 l'Ecrope
4015 6052 64 28 biea

3346 6080 102 33 qu'elle
3467 6081 54 27 «oit
3536 6084 70 25 d*n«
3635 6092 38 18 un
3700 6086 58 25 4tnt
3775 6093 7 24 j
3794 6085 102 26 rioaire
3919 6089 27 26 et
3973 6096 54 26 que
4055 6089 26 27 le

3347 6124 115 26 passag*
3475 6117 38 26 du
3527 6117 102 27 aliaiat
3643 6119 91 26 ebaud
3750 6118 32 26 it
3796 6119 64 26 l'eu
3886 6122 120 27 afrieaia
4022 6123 15 27 à
4052 6123 27 27 la

3346 6152 125 31 Umpéra
3485 6161 48 18 ure
3548 6155 148 26 hivernale
3710 6154 33 27 de
3756 6154 131 35 l'Europe
3917 6159 93 24 naiise
4036 6157 41 28 lui

3345 6188 58 27 Sir*
3415 6188 65 27 fait
3482 6190 52 25 île-

3423 6235 70 26 Le*
3508 6242 130 27 campa
3652 6235 48 26 de
3716 6240 295 27 eoueeatrKtlen

3379 6269 158 32 Brqxelle',
3556 6270 30 27 10
3611 6272 158 28 nsvembre.
3834 6274 40 27 La
3899 6274 126 27 GatMf.
4043 6274 33 26 de

3346 6304 216 35 Biomfontein,
3587 6306 97 34 publie
3705 6314 57 20 uae
3782 6308 65 28 liste
3868 6309 32 27 de
3928 6308 50 28 731
3998 6309 77 26 déifit

3345 6340 70 28 dans
3430 6345 39 25 les
3482 6350 98 27 esaspi
3601 6343 34 26 de
3658 6345 210 27 concentration
3885 6346 33 26 de
3932 6345 141 33 l'Orange,

4147 1109 92 33 parmi
4253 1109 122 34 leaqnela
4389 1108 48 28 190
4454 1111 78 27 dtods
4557 1113 142 28 d'wfsats
4714 1115 169 26 aa-deaicn»

4147 1143 33 27 de
4194 1148 130 28 qoatoris
4338 1153 63 20 aaa.

4180 1179 63 27 Ua«
4257 1180 84 26 dama
4355 1180 86 34 belge,
4459 1182 47 32 qnl
4531 1189 17 20 a
4571 1191 38 25 pu
4630 1183 100 27 visite?
4743 1185 136 34 quelque*

4144 1220 61 20 eau
4213 1222 28 22 P«
4257 1215 32 25 de
4304 1222 222 26 eoneanirauon,
4544 1219 69 26 éorit
4633 1220 70 26 *un
4717 1219 115 34 jsuraai
4845 1220 33 26 de

4143 1248 145 28 Broxellea
4304 1258 13 19 :

4181 1291 14 15 «
4218 1284 43 27 En
4277 1286 105 32 voyant
4397 1293 44 20 asi
4456 1293 118 26 pauvre*
4590 1289 130 33 femme*,
4734 1290 28 33 je
4778 1297 34 19 ne
4826 1297 52 26 pus

4147 1318 105 27 reiHoir
4281 1328 59 19 ma:
4369 1322 115 27 larmea.
4511 1320 40 28 Le
4576 1323 41 27 aal
4643 1331 47 20 sur
4717 1324 93 35 lequel
4838 1330 41 22 eat

4143 1354 87 27 établi
4260 1355 25 26 le
4313 1362 84 26 unp
4424 1357 71 25 n'eut
4524 1359 86 25 an'an
4650 1362 151 30 maréaage.
4838 1358 40 30 La

4143 1389 104 26 viande
4271 1393 81 31 qn'on
4377 1391 139 27 distribue
4539 1401 57 19 aox
4611 1395 89 25 raira»
4717 1400 26 21 et
4760 1383 17 38 2
4805 1395 73 26 leur*

4143 1424 115 26 enfant*
4267 1426 129 32 provient
4407 1428 33 25 de
4452 1434 129 20 aaoatoa»
4594 1434 86 20 mort*
4691 1429 184 27 d'inanition.

4144 1457 52 28 L»a
4212 1460 118 26 f-mmaa
4342 1461 50 34 qni
4403 1462 124 27 refaaaat
4541 1465 154 33 d'soeepter
4704 1468 71 24 oeite
4792 1473 67 19 neur-

4144 1494 87 27 ritare
4247 1499 175 30 répugnant*
4441 1501 64 24 aoat
4530 1499 107 33 pri/eea
4654 1500 34 26 de
4702 1500 91 26 ration
4811 1507 50 25 pen-

4142 1528 70 28 dant
4227 1531 64 27 bi't
4305 1532 77 33 joura
4396 1534 26 24 et
4436 1533 69 25 ellee
4522 1537 64 24 aoat
4605 1534 120 30 obligea
4747 1535 34 26 de
4795 1535 83 26 vivra

4142 1571 67 20 av<e
4231 1573 28 18 se
4283 1572 54 27 qae
4359 1566 39 27 lee
4424 1571 92 24 aatraa
4543 1570 188 31 prlaooaitre*
4755 1571 116 26 veulent

4142 1598 64 28 Mai
4224 1600 60 27 leur
4297 1602 109 27 doener
4419 1610 48 20 aar
4480 1604 61 26 lear
4557 1605 106 31 naaigra
4678 1604 122 35 portion.

4178 1635 118 27 Aoeune
4312 1637 96 32 plume
4431 1645 34 19 ne
4486 1641 66 32 peut
4574 1639 105 27 décrire
4693 1641 39 27 Us
4747 1641 130 27 horreur*

4142 1676 53 27 que
4206 1670 50 32 j'ai
4271 1678 67 19 vaes
4356 1680 24 20 a.

4146 1773 214 84 BEVUE
4395 1776 85 81 DE
4513 1776 83 84 LA
4628 1779 246 83 PRESSE

4313 1929 161 37 L'élidien
4496 1932 38 33 du
4560 1932 142 33 Finistère

4187 1984 53 34 Du
4266 1985 124 43 Temps
4414 1996 9 26 :

4176 2042 41 28 La
4232 2044 164 28 conclusion
4411 2048 41 26 «it
4466 2047 94 28 claire.
4577 2048 73 28 C'est
4674 2056 53 26 que
4741 2049 27 27 la
4783 2050 76 32 Répu-

4142 2078 97 34 blique
4253 2081 41 26 ut
4309 2088 34 19 en
4358 2081 54 26 fort
4440 2082 92 27 bonne
4546 2087 112 31 peeture
4675 2092 33 19 «a
4726 2083 148 34 Bretagne,

4141 2112 15 27 à
4172 2113 27 27 la
4211 2114 145 28 condition
4371 2115 85 28 d'être
4470 2126 56 19 «a*
4553 2117 181 35 République
4759 2119 118 33 d'ordre,

4141 2147 33 27 de
4189 2148 67 33 paix
4271 2152 26 25 et
4311 2151 34 27 de
4359 2150 111 30 liberté.
4500 2152 53 28 Lee
4581 2153 193 35 repabllcaia»
4802 2154 60 27 d'ex-

4141 2184 89 27 trlme
4243 2185 107 33 gauche
4375 2194 34 18 su
4424 2191 126 31 suspecte
4578 2189 33 27 de
4638 2190 142 27 tendresse
4807 2198 71 26 peur

4141 2218 145 28 l'extrême
4311 2223 117 32 gauche,
4459 2225 65 25 soat
4552 2225 112 32 partout
4689 2224 105 27 battis.
4824 2224 52 28 Les

4141 2254 148 28 eaadidate
4305 2257 217 27 réaetionnairec
4538 2265 33 20 ou
4597 2263 125 30 suspects
4750 2259 33 27 de
4812 2262 50 25 tec-

4141 2289 92 26 drcaae
4248 2297 67 26 peur
4331 2291 28 27 la
4377 2293 123 27 réaction
4512 2295 138 26 échouent
4661 2295 76 27 aussi
4752 2302 35 20 eu
4802 2296 58 26 a'ar-

4143 2323 94 28 rivent
4252 2326 65 33 qu'à
4330 2328 190 33 graad'pcine.
4554 2335 67 20 avec
4654 2330 47 26 des
4729 2329 145 34 majorités

4141 2359 159 28 dériieires.
4316 2361 40 26 La
4369 2361 112 28 fortune
4496 2372 34 18 ne
4545 2365 90 27 sourit
4662 2372 66 20 sans
4756 2368 122 25 réserves

4141 2394 105 33 qu'aux
4261 2396 194 33 répubiieaiae
4470 2398 139 33 libéraux,
4636 2400 144 27 vraiment
4795 2402 66 33 répu-

4144 2430 120 27 blicains
4278 2434 27 25 cl
4320 2433 144 27 vraiment
4480 2433 138 28 libéraux.
4635 2434 80 27 Telle
4739 2438 41 25 cet
4794 2437 28 27 la
4835 2437 28 26 si-

4141 2465 111 27 tuation
4271 2466 141 35 politique
4421 2476 33 19 en
4472 2469 149 35 Bretagne.
4644 2472 74 26 Neus
4747 2472 113 26 connaia-

4141 2507 65 20 •aas
4224 2499 142 38 beaucoup
4380 2503 34 28 de
4428 2504 110 33 régiois
4565 2512 32 19 en
4625 2505 109 28 France
4747 2505 50 34 qei
4813 2509 64 26 soat

4142 2536 149 27 bretonnes
4305 2545 32 18 en
4355 2545 30 19 ec
4401 2539 89 32 peiat.

4185 2589 40 32 La
4247 2589 109 33 léanoe
4382 2590 203 35 d'mnt-hier
4599 2596 19 31 à
4643 2594 27 33 il
4689 2595 149 33 Chambra

4187 2644 51 34 De
4274 2646 50 35 M.
4362 2648 105 35 Henri
4493 2649 59 34 dea
4586 2649 115 41 Heux,
4734 2653 85 33 dans
4846 2650 34 37 le

4144 2687 135 45 Figaro
4299 2700 14 22 :

4178 2754 41 28 M.
4237 2756 96 34 Ribot,
4350 2765 34 20 eu
4408 2759 47 26 des
4483 2761 102 26 terases
4613 2761 69 27 dent
4709 2761 172 35 l'éloquence

4142 2791 124 33 frappait
4293 2797 159 24 seulement
4482 2803 50 19 nés
4558 2797 124 33 regards,
4700 2798 119 33 pnisque
4847 2799 26 26 le

4142 2825 126 28 tumulte
4296 2828 40 27 les
4372 2830 162 33 empêchait
4563 2831 33 26 de
4625 2832 132 33 parvenir
4785 2833 17 26 h
4830 2841 52 20 nos

4142 2862 122 30 oreilles,
4292 2863 157 33 exprimait
4491 2865 27 26 le
4556 2868 233 33 découragement
4830 2869 51 27 de*

4143 2896 86 27 vieux
4241 2897 27 27 et
4284 2901 117 25 corrects
4417 2900 233 34 parlementaires
4681 2909 34 19 ea
4746 2902 58 28 face
4832 2903 48 28 de*

4142 2936 79 21 excca
4232 2935 123 25 commis
4370 2942 51 25 par
4434 2935 46 26 des
4495 2936 215 34 éaerguméacs.

4178 2967 41 27 M.
4246 2968 25 26 le
4304 2969 142 31 président
4479 2969 158 30 Deschanei
4670 2974 98 26 venait
4783 2974 33 27 de
4845 2982 31 19 se

4143 3002 112 27 oouvrii
4269 3006 28 25 et
4310 3004 33 28 de
4358 3006 154 32 suaponde
4526 3007 30 26 ia
4570 3008 106 26 séaace.

4180 3037 122 35 Presque
4317 3043 61 22 teus
4395 3039 39 27 lee
4449 3039 118 35 députés
4591 3043 130 28 s'étaient
4736 3045 142 33 répandue

4144 3072 71 27 dans
4226 3072 40 27 les
4280 3074 130 31 couloirc,
4427 3083 70 26 pour
4511 3085 19 25 y
4545 3078 146 33 prolonger
4716 3079 39 26 lee
4785 3081 97 26 saine*

4144 3107 139 27 violentée
4298 3111 193 26 commencées
4506 3113 71 25 dnoc
4591 3112 190 35 l'hémicycle.

4179 3143 143 33 Quelque*
4337 3152 52 19 une
4434 3148 165 31 cependant,
4635 3150 78 32 ép»?*
4759 3157 47 19 aur
4840 3151 40 25 l«s

4143 3176 96 33 bancs,
4273 3181 237 32 aommeiilaicnt,
4552 3183 169 32 écrivaient,
4761 3184 119 28 lieaient

4144 3214 74 26 leura
4237 3214 152 32 journaux,
4409 3222 110 20 comme
4533 3216 25 27 si
4573 3217 28 27 la
4616 3220 99 26 aéanoe
4729 3221 46 26 eût
4787 3222 78 26 conti-

4144 3249 65 25 nué.
4227 3248 46 27 Un
4291 3249 71 32 petit
4375 3259 103 26 groupe
4489 3261 30 18 M
4544 3253 92 28 forma
4659 3261 64 20 voit
4753 3255 40 26 LU
4819 3259 46 25 tra-

4144 3287 61 22 vée*
4221 3283 37 27 où
4277 3285 109 34 siégeât
4401 3286 40 27 lu
4456 3287 184 34 fréaétiquee.

4179 3319 46 27 Ua
4243 3321 125 25 membre
4391 3320 37 27 du
4456 3326 96 24 centre
4578 3325 110 27 causait
4715 3332 69 20 avec
4799 3326 64 33 quel-

4144 3360 67 26 que*
4220 3361 63 19 -una
4297 3354 47 26 dea
4359 3356 64 33 plua
4439 3357 125 28 violent*
4578 3359 168 33 sccialiates,
4762 3363 27 25 et
4807 3361 57 26 l'en-

4146 3389 99 27 treliaa
4264 3391 146 32 parvenait
4423 3391 112 35 joequ'à
4547 3402 79 18 non».
4643 3392 39 31 Ce
4695 3394 103 30 député
4808 3397 57 26 trai-

4144 3426 27 24 ta
4175 3424 24 26 h
4213 3425 28 26 la
4256 3425 129 32 qucation
4400 3428 48 32 qei
4465 3428 67 26 était
4548 3429 117 27 inacrite
4689 3431 17 26 i
4729 3431 98 26 l'ordre
4843 3431 37 26 du

4143 3458 72 34 jour,
4235 3462 71 24 taaie
4324 3468 52 27 que
4393 3461 30 27 ni
4441 3462 40 27 M.
4500 3463 137 28 Hubbard
4663 3464 31 27 ni
4713 3472 93 20 auaun
4822 3475 45 19 ora-

4144 3498 61 24 teur
4219 3496 144 26 n'avaient
4378 3496 125 27 abordé*.

4180 3529 46 27 On
4253 3530 79 27 avait
4363 3533 231 33 paaaionuémeat
4619 3535 107 26 discuté
4754 3543 48 20 aur
4841 3536 41 27 les

4147 3566 117 26 tnoiaea.
4280 3574 48 19 sur
4357 3568 37 25 lia
4428 3568 224 34 mlaaioanairu,
4670 3579 48 19 aur
4740 3572 26 27 le
4791 3572 89 33 Pape,

4144 3607 48 19 au*
4207 3600 26 26 le
4248 3600 80 27 Dc>ux
4348 3600 164 30 Dtaambre.

4180 3634 56 27 Pas
4250 3644 39 18 un
4306 3641 57 22 mut
4376 3639 30 25 ic
4433 3640 43 25 o«t
4501 3641 136 31 emprunt
4664 3648 48 19 aur
4728 3641 92 34 lequel
4837 3650 34 19 ou

4144 3671 74 27 éîait
4233 3674 80 24 cunaé
4328 3672 146 27 délibérer.

4180 3705 40 26 La
4234 3705 157 28 diacaiKÎon
4408 3709 109 27 n'avait
4543 3709 97 28 abouti
4665 3716 17 22 a
4708 3711 109 27 d'autre
4838 3713 30 25 ré-

4147 3741 86 27 colut
4251 3750 53 26 qi«
4318 3743 112 27 dénoua
4447 3744 69 26 faire
4530 3746 93 25 aavoir
4635 3754 54 26 que
4703 3745 43 28 M.
4762 3749 26 25 le
4814 3756 47 25 rap-

4147 3780 110 30 porteur
4270 3776 137 27 Hubbard
4420 3777 78 28 avait
4513 3778 141 30 introduit
4667 3782 71 26 dans
4753 3789 48 20 eon
4815 3790 50 25 rap-

4148 3819 17 25 p
4183 3814 33 28 rt,
4234 3813 31 24 d-)
4278 3821 31 17 sa
4325 3820 96 27 propre
4436 3815 133 32 autorité,
4585 3820 27 22 al
4639 3823 66 19 aana
4733 3819 145 25 eoneulter

4146 3855 41 17 ae»
4205 3846 145 34 Cullégate.
4369 3849 39 25 lea
4422 3848 184 28 chinoiaeriu
4620 3859 54 26 que
4702 3859 70 19 nous
4787 3860 91 20 avoas

4147 3885 172 24 recao,mnnt
4335 3882 162 27 denonaéea.

4180 3917 45 26 Au
4240 3919 137 25 contraire
4406 3920 27 25 la
4448 3919 84 32 patite
4552 3920 161 27 cinfércnce
4731 3921 48 35 qui
4796 3931 27 18 ae
4839 3925 30 25 te-

4147 3957 61 21 n»n
4224 3952 67 26 dan-
4307 3959 38 19 un
4361 3952 63 28 ooin
4441 3954 32 26 ùc
4487 3956 28 25 la
4535 3953 143 30 Cbambre
4694 3957 105 27 déserte
4819 3959 48 33 pré-

4146 3987 106 26 cédait
4267 3987 180 27 l'animation
4465 3991 66 25 d'un
4543 3990 81 27 débat
4638 3992 81 26 utile.

4181 4020 188 30 D'sxeeileul»
4400 4029 164 27 argumenta
4598 4026 106 27 étaient
4741 4029 143 32 préaentés

4147 4063 66 20 avec
4226 4057 102 31 calme,
4343 4059 109 25 éuoctéa
4467 4067 66 20 avtc
4558 4059 151 34 déférence,
4737 4064 142 33 rétorqué*

4148 4100 47 26 par
4211 4093 46 26 (i«j
4271 4096 94 24 eontro
4380 4097 164 30 argumenta
4556 4096 145 33 apéoieux.

4181 4127 24 27 Il
4221 4135 70 20 noua
4306 4128 133 27 «embuait
4455 4131 33 24 da
4502 4129 59 27 loia
4572 4131 104 33 qu'an*
4687 4134 113 26 entente
4813 4133 71 27 était

4147 4161 64 27 bi*n
4230 4165 59 30 préa
4304 4165 33 25 de
4351 4163 126 28 a'étoblir
4492 4168 78 24 catre
4584 4169 40 24 lee
4649 4168 235 31 contradicteur*,

4147 4202 25 20 •t
4187 4205 26 26 q'
4228 4199 40 25 'en
4281 4207 43 17 e««
4339 4199 204 27 eneoiliabulu
4560 4200 27 27 la
4603 4201 66 27 voix
4693 4202 34 26 de
4741 4205 28 25 la
4785 4202 94 27 raison

4147 4233 78 27 avait
4235 4234 105 26 chance
4354 4237 33 25 de
4402 4239 125 30 pénétrer
4540 4235 132 35 jusqa'au
4689 4238 66 27 fond
4774 4239 47 26 dea
4838 4246 22 19 u-

4147 4271 83 31 prite.

4182 4303 65 27 Pria
4263 4304 33 27 de
4310 4304 45 27 aix
4383 4306 78 26 eenta
4486 4305 118 34 député*
4629 4310 155 25 rentrèrent
4813 4313 13 20 ;
4839 4309 43 27 les

4146 4337 137 34 disputas,
4299 4339 39 27 Isa
4355 4341 53 26 cria
4424 4344 266 26 r«eorumeaeàr«nt.
4717 4343 25 28 Il
4757 4344 48 33 n'y
4834 4345 50 26 sOt

4147 4374 64 34 plua
4227 4382 102 26 moyen
4344 4376 33 26 de
4391 4376 167 27 s'entendre.

4180 4408 112 28 Confier
4305 4409 30 28 la
4349 4410 157 28 £laeuaaiou
4518 4411 46 27 des
4580 4411 111 28 affaires
4707 4413 67 28 d'un
4791 4414 92 34 grand

4147 4450 70 26 pays
4232 4446 14 26 k
4261 4453 54 19 une
4330 4446 155 27 aaaembléo
4499 4447 33 27 de
4552 4447 45 27 aix
4622 4450 78 25 cents
4729 4448 152 32 membres,

4147 4479 65 27 u'oat
4226 4481 197 32 entreprendre
4434 4481 33 26 de
4480 4481 74 28 bâtir
4583 4491 47 19 sur
4644 4483 26 26 le
4697 4482 78 30 sable
4805 4491 59 20 mou-

4146 4517 79 27 vant,
4240 4521 44 20 ou.
4300 4522 110 19 comme
4424 4515 87 30 disait
4526 4518 26 27 lo
4578 4518 144 34 président
4750 4518 129 33 Bolivar,

4146 4548 33 28 de
4193 4550 128 28 labourer
4335 4551 105 30 l'océan
4453 4550 7 28 !

4357 4599 38 32 La
4417 4599 111 34 scrutin
4553 4600 34 33 de
4613 4602 64 33 liste

4189 4655 54 34 Du
4266 4654 157 33 Jêurnml
4440 4655 60 33 des
4519 4655 131 35 Débats
4671 4667 12 26 :

4180 4711 79 27 Nous
4273 4713 118 27 a'avoni
4404 4713 104 34 jamais
4521 4721 50 20 ara
4585 4721 54 27 qn«
4652 4715 39 26 tel
4716 4721 33 20 au
4765 4715 39 27 tel
4821 4722 41 20 mo-

4146 4746 33 27 da
4194 4747 32 26 da
4241 4747 109 27 laratin
4365 4748 45 27 fût
4434 4756 54 19 on#
4517 4752 130 32 paaaaée.
4678 4749 77 27 Dan»
4770 4752 40 26 laa
4826 4752 41 26 oir-

4146 4787 162 22 eoniiance»
4325 4783 143 31 aatuella»,
4485 4785 30 26 la
4537 4785 193 26 eonaultation
4756 4785 39 27 da
4811 4793 71 27 paya

4147 4825 33 19 D«
4196 4818 165 30 preduirait,
4378 4825 66 20 laa»
4469 4819 91 31 doute,
4578 4827 51 27 paa
4656 4821 47 25 da»
4730 4820 78 27 «ffate
4824 4822 58 26 trèa

4146 4852 155 31 différant»,
4332 4853 117 27 isivaat
4476 4856 85 32 qu'oïl
4593 4856 170 32 procéderai!
4779 4863 50 27 par
4843 4857 39 26 tel

4148 4896 34 19 on
4201 4889 37 26 tel
4253 4889 125 33 aystème
4388 4896 9 24 ;
4423 4892 27 22 ai
4476 4890 69 30 aala,
4563 4890 195 32 préeiaénaeat,
4788 4898 77 26 paree-

4146 4923 70 33 qa'il
4231 4922 48 34 n'y
4293 4930 17 20 a
4324 4930 93 20 aucun
4433 4926 115 25 eouraat
4565 4924 63 28 bien
4639 4925 112 27 daa«iaé
4765 4925 70 28 dana
4850 4925 28 28 la

4146 4965 80 26 pays.
4241 4957 25 28 Il
4281 4965 35 19 na
4331 4958 118 27 aaflrait
4466 4967 48 26 pa»
4535 4959 34 27 da
4591 4961 156 33 praalamer
4761 4961 26 26 la
4800 4968 66 19 aeru-

4144 4993 45 27 tin
4205 4993 33 27 da
4253 4993 66 27 liata
4335 5000 70 27 ponr
4417 5001 33 19 an
4478 4994 71 28 faira
4576 4997 92 25 naîtra
4696 5002 48 20 un.
4762 4994 100 35 Cepen-

4143 5027 71 28 dant
4228 5028 28 27 la
4272 5028 146 27 aiaavaiN
4431 5029 122 27 humeur
4567 5030 47 32 «[ai
4631 5033 40 25 aat
4687 5030 137 33 général*.
4841 5039 13 20 o
4863 5031 18 26 à

4146 5063 25 27 la
4199 5065 257 27 mécontentement
4479 5065 50 33 qai
4558 5068 39 24 ait
4626 5066 53 26 tràa
4709 5066 135 33 répandu,
4860 5074 20 25 y

4143 5098 156 28 trouverait
4326 5099 65 33 pla»
4417 5098 34 27 da
4480 5099 110 28 faallite
4616 5100 17 27 à
4658 5100 176 34 a'exprimer,
4852 5104 28 24 al

4146 5134 135 32 peut-être
4293 5137 85 24 eat-ee
4393 5141 70 27 pour
4474 5143 28 19 sa
4521 5134 83 28 motif
4618 5143 53 27 que
4684 5137 26 26 la
4724 5144 139 26 goaverna-

4146 5170 79 26 œent
4241 5170 63 25 s'aa
4320 5170 67 26 vaut
4416 5177 59 26 paa.
4504 5169 44 28 M.
4576 5170 305 30 Waldeek-Rousseaa

4143 5211 33 18 an
4193 5211 15 19 a
4221 5204 45 26 été
4273 5204 56 26 trèa
4345 5204 124 32 partiaaa
4499 5204 90 34 jadi»;
4604 5204 24 28 il
4656 5212 35 20 na
4714 5205 63 27 l'eat
4791 5206 83 34 plue.

4143 5237 54 30 S'il
4213 5238 109 28 n'avait
4336 5239 109 34 changé
4459 5246 52 27 qua
4526 5248 47 20 »ur
4593 5248 28 20 ca
4648 5241 90 33 point,
4755 5248 70 20 aoa«
4841 5248 37 20 na

4143 5274 41 26 lai
4200 5281 34 19 an
4251 5274 104 26 farian»
4370 5281 47 26 pa»
4434 5281 39 20 an
4498 5274 89 34 grand
4610 5275 80 33 grief.
4706 5275 26 27 A
4736 5277 59 32 pria
4812 5278 61 25 tout

4143 5315 28 20 ea
4191 5316 53 26 qae
4258 5313 78 22 noir*
4351 5308 118 28 hiatolra
4482 5316 71 20 aeaa
4576 5317 18 20 a
4606 5309 106 35 appria,
4729 5311 66 27 a'aat
4817 5311 60 26 itra

4142 5343 70 27 doua
4226 5344 83 27 d'aaa
4325 5343 35 27 toi
4385 5343 64 28 bien
4473 5344 112 27 robaita
4612 5346 69 26 dana
4709 5346 164 31 i'elïioaailé,

4142 5385 56 20 aon
4214 5385 50 27 pas
4279 5380 93 26 mima
4387 5380 33 26 da
4435 5386 48 21 10a
4508 5380 191 31 iaatitatiea»,
4717 5381 74 27 asaia
4806 5382 67 26 d'un

4141 5413 34 27 da
4189 5414 73 27 laars
4278 5414 100 28 détails
4394 5422 53 26 qaa
4461 5414 87 30 aroira
4563 5414 26 28 la
4610 5417 74 27 lalat
4710 5415 99 28 réalisé
4825 5415 48 28 dèa

4141 5450 83 33 qa'oa
4240 5457 67 20 aura
4322 5450 141 27 aubatitué
4491 5457 38 20 un
4558 5450 81 27 soda
4662 5451 129 27 électoral
4805 5451 15 26 à
4834 5458 44 19 na

4141 5486 87 26 autre.
4247 5484 21 28 Il
4286 5485 123 27 faudrait
4423 5483 111 30 d'abord
4547 5485 133 27 réfarmar
4691 5493 48 18 no»
4756 5492 117 25 marara,

4142 5520 97 26 e'aat-i
4253 5520 59 26 dira
4326 5528 71 20 noaa
4415 5520 135 27 réformes
4573 5522 207 26 noaa-mimea.
4795 5520 46 28 On
4857 5529 18 19 a

4141 5555 125 32 toojuur»
4281 5556 97 26 trouvé
4391 5556 66 31 plua
4476 5555 115 34 (impie,
4606 5563 34 20 «a
4669 5555 117 34 Franea,
4802 5555 58 30 d'ao-

4140 5596 79 19 outer
4233 5590 40 25 laa
4286 5590 194 25 inatitatian».

4264 5689 491 81 Echos

4528 5828 40 33 Un
4584 5829 118 32 curieux
4723 5829 104 32 travail

4176 5868 47 30 OQ
4239 5868 85 32 vient
4352 5870 170 31 d'exécuter
4552 5872 76 30 dans
4655 5882 41 20 on
4724 5874 79 30 dook
4832 5876 39 33 de

4136 5904 180 34 New-Tark
4331 5919 58 22 une
4406 5910 156 38 opération
4572 5911 53 37 qui
4641 5913 76 28 n'en
4727 5922 53 21 p*«
4796 5922 73 26 iani

4135 5948 90 30 doute
4241 5949 123 38 unique,
4382 5949 45 31 dit
4447 5950 32 30 la
4491 5949 103 31 Bêvu*
4839 5961 30 25 et

4135 5994 58 30 que
4207 5987 61 31 l'on
4284 5988 58 31 sait
4363 5989 193 31 maintenant
4569 5991 156 37 pratiquer
4740 5993 76 31 dans
4832 5995 37 31 de

4135 6027 115 30 bonnes
4264 6027 183 35 ooadiûons,
4463 6028 79 31 mail
4558 6030 53 37 qui
4642 6032 106 30 mérite
4770 6035 81 30 néan

4135 6065 99 30 moins
4250 6066 93 32 d'Aire
4356 6067 146 37 signalée,
4525 6076 39 22 ea
4578 6070 93 37 égard
4700 6078 60 22 anx
4798 6081 50 27 pro-

4134 6105 136 37 portion*
4285 6106 40 30 du
4341 6106 106 31 navire
4469 6116 52 21 sa;
4545 6109 98 37 lequel
4669 6110 59 30 elle
4743 6115 119 33 portait.

4172 6143 26 31 O
4212 6154 9 21 i
4233 6145 116 30 ▼•niait
4362 6148 139 33 alloogrr
4524 6148 27 28 le
4565 6156 116 28 vapeur
4702 6148 158 41 I-oquoit,

4133 6190 116 30 vapeur
4261 6185 38 30 de
4315 6185 65 33 près
4395 6185 37 30 de
4442 6183 99 32 S.OOO
4554 6189 106 28 tonnes
4675 6193 28 26 et
4724 6189 74 37 len*
4811 6200 35 21 en-

4131 6228 44 25 t»e
4191 6224 279 37 perpendiculaires
4498 6228 72 27 d'an
4597 6235 61 26 pea
4684 6229 70 33 pins
4767 6229 37 30 de
4821 6229 40 32 85

4133 6263 107 32 mètres
4253 6273 7 25 ;
4278 6263 227 38 l'allongement
4519 6266 102 30 devait
4635 6267 61 30 Aire
4710 6267 38 30 de
4766 6269 35 28 14
4818 6279 40 21 m.

4129 6300 48 32 60.
4196 6301 44 32 La
4256 6304 81 30 seule
4362 6305 141 30 méthode
4531 6306 138 39 pratique
4696 6309 133 30 oocsiste
4843 6312 19 27 à

4129 6351 111 28 oouper
4254 6344 27 30 le
4306 6344 107 31 navire
4443 6352 53 30 par
4525 6346 27 31 le
4578 6346 119 34 milieu,
4727 6357 58 22 une
4799 6348 59 31 feis
